4222 6262
357 302 455 364 981

1277 296 1830 362 COMMENTARIUS
1878 297 1946 358 iN
1976 273 2420 360 IATTHQBUI.
2476 299 2633 358 CAP.
2673 302 2768 358 χι.

3553 309 3662 366 982

355 427 412 476 et
454 430 656 492 quoex
713 414 854 476 uatis
897 413 1184 474 mulierum
1235 413 1416 476 nullus
1463 415 1637 486 major
1697 414 1957 487 propheta
1984 416 2244 485 Apueris
2285 416 2494 474 scilicet
2535 419 2831 490 prophetas
2869 419 3214 493 signiﬁcans,
3252 425 3346 497 qui
3386 425 3441 481 in
3480 429 3661 484 medio

352 508 658 574 surrexerit
682 507 794 582 to);
829 507 927 568 nisi
947 507 1088 579 quod
1115 508 1207 578 qui
1236 509 1414 568 minor
1436 523 1504 566 eo
1530 517 1633 576 est,
1655 508 1706 572 id
1733 516 1839 575 est,
1864 509 1956 580 qui

354 603 720 674 interrogatur
740 640 753 666 ,
783 599 864 654 cui
893 616 996 656 non
1037 599 1310 666 creditur,
1341 600 1429 656 cui
1458 601 1826 657 testimonium
1855 616 1956 658 nec

354 713 519 769 opera
546 710 646 754 sua
689 700 983 765 praestant,
1040 693 1127 750 hic
1155 694 1209 752 in
1253 695 1422 766 regn‘o
1471 695 1732 752 caelorum
1779 693 1953 766 major

358 799 444 848 est
471 791 494 845 ?

427 887 482 942 7.
515 885 751 957 Regnum
797 883 1040 939 calorum
1082 883 1169 954 qui
1195 884 1401 953 rapiant
1439 893 1613 957 gentes
1645 883 1860 954 judwis.
1885 912 1954 924 —

351 979 394 1038 Α
439 977 617 1034 diebus
661 987 833 1032 autent
875 973 1095 1032 Joannis
1130 974 1378 1047 Baptista:
1403 993 1561 1047 usque
1581 993 1716 1032 nunc
1743 992 1956 1048 regnum

355 1071 598 1128 cwlorum
628 1069 728 1124 vim
759 1069 988 1140 patitur,
1033 1081 1082 1122 et
1107 1069 1208 1124 vim
1245 1070 1489 1141 facientes
1527 1069 1778 1140 diripiunt
1820 1067 1955 1124 illud

358 1168 520 1241 (Ibid.
556 1167 668 1236 l2).
717 1166 788 1222 Ut
817 1182 996 1222 rerum
1042 1176 1230 1222 natura
1262 1168 1462 1239 exigit,
1512 1167 1620 1222 vim
1656 1168 1830 1238 potior
1875 1167 1954 1223 af-

356 1265 490 1332 fert;
527 1264 808 1333 minorque
835 1262 958 1328 erit,
989 1261 1080 1318 cui
1121 1262 1204 1317 vis
1231 1261 1505 1318 aiieratur.
1543 1261 1682 1330 Quid
1715 1276 1844 1334 ergo
1871 1271 1955 1317 est

354 1359 501 1430 quod
531 1358 790 1428 diripiens
818 1365 930 1422 est,
971 1355 1225 1428 quodque
1255 1357 1363 1414 vim
1405 1357 1642 1429 patitur,
1691 1367 1954 1412 contuen-

355 1451 483 1507 dum
518 1459 622 1505 est.
657 1448 1032 1504 inﬁdelitatem
1064 1448 1453 1518 discipulorqu
1497 1449 1722 1508 Joannis
1774 1448 1956 1506 Domio

356 1560 458 1600 nus
479 1543 820 1610 adverterat,
854 1542 1024 1598 turba:
1050 1543 1212 1598 etiam
1233 1543 1545 1612 opinionem
1573 1544 1640 1599 de
1671 1544 1788 1614 ejus
1816 1559 1956 1599 nun-

357 1636 430 1694 tio
449 1635 819 1701 intellexerat,
869 1635 922 1690 iu
951 1635 1129 1690 crucis
1156 1635 1416 1690 seandalo
1463 1636 1652 1704 ingens
1700 1636 1824 1691 iidei
1863 1650 1952 1706 pe-

357 1729 584 1786 riculum
611 1728 898 1783 sentiebat.
953 1726 1034 1782 ire
1076 1728 1251 1797 potius
1278 1729 1552 1797 apostolos
1582 1727 1658 1799 (b)
1706 1727 1770 1783 ad
1817 1742 1952 1784 oves

2057 519 2349 580 synagoga:
2375 553 2390 576 ,
2425 519 2695 582 tamquam
2724 513 2777 567 in
2817 513 3034 583 publico
3072 514 3174 571 fori
3213 527 3481 574 conventu
3503 562 3517 586 ,
3561 535 3660 591 po-

2058 598 2246 668 pulum
2277 613 2601 672 coarguant,
2635 604 2780 674 quod
2805 607 3150 664 cantantibus
3177 608 3282 664 sibi
3320 609 3502 667 ofﬁcio
3539 627 3662 669 cor-

2058 695 2208 764 poris
2241 710 2346 750 non
2379 696 2900 766 obsecundaverint,
2934 701 2985 755 id
3018 709 3100 756 est
3121 743 3135 768 ,
3169 703 3312 773 quod
3352 704 3509 760 dictis
3549 707 3661 762 suis

2056 801 2167 844 non
2195 788 2498 858 paruerint.
2530 789 2614 844 Ad
2644 792 2978 847 cantantium
3008 794 3154 848 enim
3194 794 3414 850 modum
3454 798 3662 853 saltan-

2059 877 2190 934 tium
2221 879 2289 950 (ι’)
2318 890 2500 936 motus
2525 890 2758 950 aptatur.
2786 883 2844 937 lu
2871 885 3223 954 simplicitate
3244 895 3424 943 autem
3446 903 3662 952 sensus.

2057 981 2114 1028 ut
2144 973 2332 1042 pueri,
2369 974 2835 1044 praedicaverunt,
2879 985 2935 1032 et
2971 978 3037 1032 ad
3078 979 3477 1038 confessionem
3517 983 3663 1053 psal-

2057 1064 2206 1120 lendi
2233 1065 2344 1120 Deo
2373 1077 2837 1136 provocaveruut,
2872 1075 2931 1126 ut
2959 1070 3172 1125 cantico
3213 1071 3381 1144 Moysi
3425 1079 3658 1143 tenetur,

2059 1163 2119 1210 ut
2162 1156 2368 1224 Esaizc,
2419 1167 2478 1213 ut
2523 1159 2725 1226 David,
2770 1167 2830 1215 ut
2871 1170 3195 1220 cmterorum
3240 1164 3661 1234 prophetarum:
3719 1172 3743 1180 ‘

2055 1268 2382 1325 rursumque
2411 1254 2603 1328 (g)eos
2652 1255 2704 1312 in
2749 1257 3118 1328 pmoitentiam
3158 1273 3536 1330 peccatorum,
3582 1262 3662 1335 (Ir)

2056 1353 2114 1402 et
2157 1346 2223 1400 ad
2278 1347 2522 1402 dolorem
2569 1364 2631 1404 ac
2671 1349 2873 1404 luctum
2915 1361 3158 1407 veterum
3201 1353 3522 1410 delictorum
3562 1371 3665 1412 nec

2055 1441 2278 1498 Joannis
2324 1443 2635 1512 praedicatio
2677 1445 2982 1501 inﬁexerit:
3012 1448 3208 1516 quibus
3233 1456 3289 1503 et
3337 1448 3426 1505 lex
3483 1451 3663 1521 gravis

2056 1534 2172 1590 visa
2211 1537 2280 1591 sit
2317 1535 2378 1608 (i)
2409 1543 2568 1607 potus
2613 1537 2829 1608 cibique
2869 1541 3201 1610 praescriptis
3238 1551 3292 1596 et
3334 1541 3572 1598 dilliciiis
3611 1551 3667 1598 ct

2057 1629 2308 1696 molesta,
2337 1637 2614 1698 peccatum
2647 1631 2699 1684 in
2726 1646 2817 1698 se,
2845 1631 2989 1702 quod
3016 1632 3341 1687 daemonium
3369 1643 3688 1706 nuncupat,

2059 1723 2261 1779 habens
2288 1722 2452 1793 (Ibid.
2481 1724 2610 1796 18):
2641 1726 2763 1796 quia
2794 1742 2888 1796 per
2909 1727 3270 1782 observantiae
3295 1728 3664 1784 difﬁcultatem

358 1821 519 1876 lsraei
552 1820 788 1891 perditas
801 1819 1067 1890 jusserat:
1101 1823 1247 1890 ipsos
1290 1820 1545 1875 constitui
1587 1822 1874 1893 oportebat
1900 1820 1954 1876 in
1984 1823 2032 1882 Β
2062 1828 2286 1869 ηεοθδεθ
2329 1814 2431 1868 δίιιί
2478 1826 2623 1869 esset
2669 1815 2722 1869 ill
2769 1816 2885 1886 lege
2931 1810 3192 1885 peccare:
3243 1833 3572 1889 rursumque
3611 1819 3666 1874 in

358 1929 542 1984 regno,
577 1913 708 1969 etin
738 1913 972 1970 Abrahae
999 1922 1055 1969 et
1076 1911 1223 1969 lsaac
1251 1923 1305 1968 et
1339 1913 1507 1970 Jacob
1529 1913 1728 1969 familia
1765 1914 1835 1985 (e)
1872 1923 1950 1969 at-

355 2021 464 2077 que
499 2007 788 2077 agnatiane
830 2006 1071 2061 retineri.
1107 2006 1212 2062 Sed
1250 2006 1424 2061 omnis
1473 2007 1591 2062 huic
1640 2007 1954 2077 praedicatio

359 2096 655 2170 proiectum
687 2097 985 2168 publicanis
1031 2106 1088 2153 et
1137 2099 1514 2168 peccatoribus
1544 2097 1824 2157 aifarebat.
1875 2099 1952 2158 Ex

363 2190 446 2246 his
476 2191 619 2247 enim
640 2190 754 2262 jam
779 2190 1101 2258 credentes,
1134 2207 1200 2248 ex
1233 2191 1318 2247 bis
1344 2191 1457 2263 iam
1487 2193 1746 2263 apostoli,
1777 2209 1843 2249 es
1872 2194 1956 2250 his

364 2284 515 2356 (puta
553 2281 854 2355 lilattbmus)
916 2284 1026 2353 iam
1075 2299 1300 2354 regnum
1347 2285 1633 2340 caelorum.
1684 2284 1955 2342 Caeterum

361 2375 554 2432 Joanni
584 2392 613 2430 a
655 2376 813 2446 plebe
858 2391 963 2432 non
1006 2377 1279 2444 creditur,
1333 2378 1707 2433 auctoritatem
1758 2376 1957 2433 Christi

361 2482 527 2539 opera
553 2483 658 2523 non
687 2477 966 2524 merentur
987 2509 1002 2536 ,
1037 2484 1167 2524 crus
1194 2467 1374 2524 futura
1401 2479 1518 2525 erat
1539 2471 1815 2526 seandalo.
1839 2469 1957 2526 Jatn

364 2561 642 2632 prophetia
673 2568 883 2626 cessat,
911 2562 1022 2631 jam
1056 2561 1142 2616 lex
1171 2562 1450 2630 expletur,
1495 2563 1605 2632 jam
1647 2561 1960 2631 praedicatio

363 2655 536 2709 omnis
563 2654 892 2718 includitur,
915 2654 1026 2725 jam
1056 2655 1191 2712 Elia:
1219 2655 1442 2728 spiritus
1476 2655 1530 2710 in
1577 2655 1801 2711 Joannis
1829 2671 1961 2712 voce

366 2746 730 2817 prtﬁtllittilul'.
776 2745 915 2799 Aliis
943 2745 1194 2802 Christus
1234 2746 1588 2818 praedicatur,
1644 2758 1699 2802 et
1745 2748 1812 2800 ab
1842 2749 1962 2806 aliis

363 2837 702 2910 agnoscitur:
727 2837 849 2892 aliis
879 2839 1136 2906 nascitur,
1163 2848 1216 2894 et
1238 2840 1304 2895 ab
1330 2841 1450 2894 aliis
1471 2837 1726 2912 diligitur.
1761 2841 1840 2916 (ά)
1869 2841 1962 2896 Sui

368 2948 490 2988 eum
531 2941 819 3003 respuunt,
871 2932 1030 2988 alieni
1102 2933 1454 3006 suscipiunt:
1504 2933 1708 3006 proprii
1784 2935 1964 2990 insec-

373 3036 585 3096 tantur,
610 3027 1046 3097 complectuntur
1086 3025 1311 3080 inimici.
1339 3025 1716 3081 llmredita‘tem
1748 3028 1964 3097 adoptio

371 3123 599 3192 expetit,
634 3120 832 3174 familia
864 3119 1061 3188 reiicit.
1094 3117 1502 3175 Testamentum
1527 3118 1615 3172 lilii
1658 3118 1962 3188 repudiant,

2055 1905 2276 1962 Christo
2316 1907 2595 1978 Evangelii
2631 1908 2944 1977 praedicatio
2971 1909 3094 1963 vitae
3123 1907 3374 1965 libertate
3405 1925 3513 1966 non
3546 1911 3666 1982 pla-

2055 2008 2211 2066 ceat,
2258 2015 2358 2070 per
2403 2015 2565 2070 quam
2611 1999 2960 2056 difﬁcultates
3001 2001 3136 2072 legis
3175 2009 3234 2059 et
3272 2019 3436 2058 onera
3483 2005 3667 2061 laxata

2057 2093 2194 2160 sint,
2223 2104 2277 2149 et
2299 2094 2410 2164 jam
2439 2094 2707 2164 publicani
2737 2105 3160 2166 peccatoresque
3197 2096 3522 2153 crediderint
3554 2098 3663 2170 (Ib.

2059 2184 2186 2257 l9):
2218 2194 2379 2256 atque
2411 2187 2483 2240 ita
2515 2195 2594 2240 tot
2623 2198 2680 2242 et
2711 2187 2874 2242 tantis
2903 2187 3332 2244 admonitiouum
3374 2190 3666 2261 generibus

2060 2281 2255 2334 frustra
2301 2277 2532 2344 habitis,
2574 2292 2675 2334 nec
2712 2293 2807 2349 per
2842 2280 3071 2351 gratiam
3113 2280 3500 2351 justlﬁcentur,
3539 2293 3595 2340 et
3635 2297 3666 2338 a

2062 2371 2180 2442 lege
2202 2373 2312 2426 sint
2332 2371 2587 2430 abdicati.

2131 2464 2184 2518 9.
2226 2463 2374 2518 .Iuste
2393 2464 2649 2534 reprobati
2668 2473 2806 2521 sunt.
2839 2464 3072 2521 Christus
3099 2466 3366 2538 Sapientia
3397 2471 3530 2543 ipsa,
3567 2488 3669 2527 non

2060 2558 2227 2613 solum
2254 2557 2537 2628 Sapientite
2563 2574 2715 2629 aptis.
2734 2557 2892 2613 —-Et
2911 2562 3206 2631 justi/ictuc
3234 2573 3306 2618 est
3334 2564 3605 2636 Sapientia
3635 2581 3666 2622 n

2063 2649 2190 2718 ﬁliis
2219 2649 2366 2704 suis:
2404 2650 2472 2704 ab
2512 2649 2596 2705 his
2637 2651 2878 2716 scilicet,
2921 2655 3013 2724 qui
3055 2655 3162 2709 vim
3203 2655 3464 2714 facientes
3502 2675 3670 2730 regno

2063 2742 2365 2808 caelorum,
2410 2743 2584 2813 ipsum
2629 2744 2757 2798 illud
2795 2745 2918 2801 ﬁdei
2955 2746 3344 2817 iustificatione
3371 2750 3666 2823 diripiunt:

2065 2834 2384 2890 conﬁtentes
2409 2835 2614 2906 justum
2645 2837 2940 2908 Sapientia:
2967 2854 3104 2909 Opus
3135 2855 3289 2909 esse,
3322 2843 3446 2913 quia
3476 2859 3670 2902 munus

2065 2944 2224 2982 suum
2253 2929 2320 2983 ad
2351 2928 2540 2985 ﬁdeles
2565 2943 2620 2984 et
2647 2931 3014 3002 obsequentes
3041 2948 3070 2986 a
3098 2935 3513 2992 contumacibus
3543 2939 3667 2992 inli-

2066 3018 2388 3089 deiibusque
2429 3021 2786 3077 transtulerit.
2820 3023 2912 3077 Est
2943 3033 3122 3080 autem
3166 3041 3270 3080 non
3300 3029 3534 3084 otiosum
3566 3030 3671 3086 hoc

2068 3109 2124 3166 in
2153 3111 2276 3167 loco
2309 3113 2558 3168 virtutem
2590 3113 2718 3168 dicti
2748 3117 3018 3170 contueri.
3052 3115 3119 3170 Et
3140 3120 3430 3189 justi/iectu
3459 3129 3533 3176 est
3564 3121 3668 3178 δας

374 3213 516 3268 servi
568 3220 977 3282 recognoscant.
1035 3209 1218 3281 itaque
1275 3211 1380 3264 vim
1428 3225 1650 3280 regnum
1701 3209 1963 3264 caelorum
1991 3207 2037 3270 C
2071 3207 2262 3275 ρίϐηιὲα
2293 3205 2362 3261 de
2390 3221 2449 3262 88
2481 3207 2664 3278 utique
2705 3208 2917 3264 Ιοειιὶιιδ
2943 3218 3047 3264 εει.
3091 3210 3191 3267 Esi
3225 3215 3370 3267 enim
3413 3217 3527 3283 ipsc
3567 3216 3670 3271 δεμ

377 3307 608 3373 patitur,
651 3303 1048 3372 inferentesque
1077 3302 1340 3372 diripiunt
1374 3320 1385 3353 :
1430 3302 1552 3372 quia
1594 3301 1763 3369 gloria
1805 3299 1969 3358 Israel

369 3399 443 3471 (e)
487 3415 514 3452 a
561 3398 805 3469 patribus
847 3397 1050 3461 debita,
1079 3413 1109 3451 a
1143 3397 1420 3466 prophetis
1450 3394 1614 3469 724
1635 3397 1900 3461 nuntiata,
1943 3412 1972 3452 a

369 3490 586 3548 Christo
617 3492 796 3548 oblata
817 3532 830 3555 ,
862 3490 966 3547 ﬁde
985 3491 1226 3561 gentiqu
1264 3501 1558 3561 occupatur
1587 3501 1642 3546 et
1671 3490 1894 3560 rapitur.

435 3585 491 3640 8.
532 3583 708 3640 Iudici
744 3602 777 3638 α
817 3583 950 3654 Lege
978 3593 1026 3638 et
1056 3582 1340 3654 Evangelia
1380 3584 1602 3638 abdicati
1643 3584 1966 3639 exciderunt.

370 3705 444 3719 -—-
471 3674 566 3732 Cui
604 3687 774 3732 autem
811 3676 1031 3732 similem
1064 3675 1329 3730 testintubo
1365 3677 1739 3746 generationem
1769 3676 1968 3730 istaut?

371 3764 576 3824 Similis
605 3778 679 3823 est
707 3769 875 3836 pueris
900 3767 1190 3824 sedentibus
1218 3769 1270 3822 in
1301 3772 1438 3836 foro,
1464 3777 1512 3822 et
1534 3768 1874 3822 clamantibus
1898 3767 1968 3826 ad

370 3859 614 3928 invicem,
643 3869 700 3916 et
728 3860 934 3932 reliqua
965 3859 1141 3932 (Ibid.
1174 3860 1297 3932 lii).
1340 3859 1508 3916 Totus
1536 3859 1623 3915 hic
1663 3875 1842 3916 sermo
1883 3860 1964 3915 iu-

372 3952 643 4008 ﬁdeh'tatis
669 3952 1021 4024 epprobrium
1046 3962 1153 4019 est,
1202 3961 1258 4008 et
1308 3952 1377 4006 de
1427 3951 1618 4007 allecto
1670 3953 1966 4022 superioris

371 4046 727 4116 querimonia:
752 4046 1068 4112 descendit;
1101 4045 1228 4116 quia
1265 4045 1506 4106 insolens
1547 4045 1698 4115 plebs
1739 4061 1836 4115 per
1877 4047 1964 4100 di-

374 4155 528 4196 versa
567 4140 1007 4211 praedicationum
1047 4155 1252 4210 genera
1293 4139 1485 4196 edocta
1525 4153 1632 4196 non
1672 4139 1869 4196 fuerit:
1914 4140 1966 4198 in

445 4324 520 4398 (α)
553 4325 691 4398 [ξιιῑιί
718 4339 839 4398 cum
870 4321 1207 4398 paucim-ibus
1232 4335 1360 4398 mss.
1394 4321 1634 4376 surrexit.
1680 4319 1814 4375 Tum
1845 4319 1960 4375 sola

373 4394 537 4452 editio
567 4396 690 4451 Par.
733 4397 831 4450 nisi
862 4395 999 4466 quod
1034 4395 1201 4466 minor
1227 4394 1314 4460 qui
1340 4395 1686 4466 interrogatur
1707 4400 1805 4466 :_et
1828 4407 1958 4466 mox

374 4484 494 4523 cum
523 4469 693 4523 tribus
723 4480 853 4520 mss.
874 4463 1054 4538 major
1103 4465 1200 4518 erit
1223 4506 1236 4530 ,
1271 4475 1375 4518 non
1406 4465 1686 4538 inajorest.
1711 4463 1960 4538 Christus

343 4550 551 4594 .autem
577 4580 591 4602 ,
623 4548 684 4592 ut
710 4539 942 4606 explicat
965 4533 1400 4607 'Chrysostomus
1445 4533 1629 4607 itontil.
1665 4549 1740 4594 xi,
1765 4535 1961 4588 intelli-

375 4611 516 4682 gitur
546 4612 714 4665 minor
732 4605 878 4682 relate
898 4649 912 4674 ,
939 4605 1107 4682 "liuor
1137 4608 1412 4682 multarunt
1439 4605 1695 4682 opinione.

451 4682 524 4753 (b)
550 4681 836 4736 Becceusis
859 4693 959 4734 lllS.
985 4679 1052 4732 ad
1073 4695 1188 4732 oves
1210 4678 1435 4753 perditas
1458 4674 1638 4730 domus
1663 4674 1832 4753 Israel
1846 4676 1962 4745 jus-

451 4695 524 4753 (υ)
550 4695 836 4736 becceusts
859 4695 959 4734 lllS.
985 4695 1049 4732 aa
1073 4695 1188 4732 oves
1210 4695 1435 4800 {ierauas
1458 4695 1638 4730 uanius
1663 4695 1829 4729 israei
1846 4695 1962 4745 Jus-

379 4763 528 4807 serat.
566 4753 700 4806 'i'um
748 4767 867 4806 cum
917 4753 1151 4820 quinque
1179 4747 1330 4813 aiis,
1364 4749 1501 4819 ipsos
1542 4748 1814 4820 continuo,
1869 4762 1967 4816 pro

380 4827 516 4896 ipsos
548 4819 958 4896 constitui:_qua
991 4823 1197 4896 ratione
1230 4834 1523 4896 pronomen
1554 4821 1706 4896 ipsos
1746 4819 1811 4870 ad
1840 4833 1970 4887 apo-

381 4892 585 4954 stolos.
610 4907 716 4951 non
749 4895 813 4948 ad
841 4893 1082 4956 Iudaeos,
1115 4892 1291 4946 minus
1321 4892 1458 4945 bene
1487 4895 1736 4945 relcrtur.

453 4969 527 5038 (ε)
559 4967 720 5038 Bad.,
750 4965 840 5038 Er.
875 4964 1099 5038 et_l.i_ps.
1128 4978 1190 5015 ac
1214 4962 1442 5038 natione.
1475 4961 1786 5038 Panaque
1820 4959 1970 5031 agni.

383 5030 727 5108 tioiié:quod
753 5035 917 5092 etiam
945 5035 1144 5108 habent
1172 5048 1300 5088 mss.
1344 5033 1445 5088 nisi
1476 5032 1699 5108 quodin
1747 5030 1969 5108 Carnut.

382 5102 633 5164 secundis
659 5108 806 5163 curis
835 5107 1143 5162 restitutum
1173 5114 1256 5160 est
1293 5115 1447 5174 atque
1465 5103 1756 5174 agitatione.
1785 5102 1841 5157 in
1880 5117 1974 5157 eo-

384 5179 505 5235 dem
538 5179 734 5235 mendo
765 5180 1028 5249 superiori
1059 5191 1178 5248 cap.
1215 5176 1282 5230 lO
1305 5217 1320 5242 ,
1352 5193 1405 5229 n.
1438 5175 1532 5240 22,
1565 5175 1978 5232 consentiebant

384 5267 514 5312 11158,

455 5324 538 5396 (ά)
564 5322 688 5378 Mss.
729 5323 887 5396 Rom.
916 5362 931 5389 ,
965 5318 1123 5376 Coib.
1146 5328 1203 5376 et
1222 5317 1382 5374 Corn.
1433 5333 1529 5373 sua
1555 5333 1668 5371 eant
1686 5325 1934 5386 respuunt
1956 5353 1973 5381 ,

385 5395 882 5469 alienaAsuscipiunt.
1327 5458 1348 5469 _
1374 5459 1384 5469 I
1459 5457 1470 5468 _

455 5466 530 5538 (e)
557 5458 1000 5538 Praepositionem
1036 5481 1067 5517 α
1091 5504 1105 5526 ,
1139 5477 1297 5538 «luam
1327 5458 1539 5538 l_._ipsius
1571 5471 1850 5538 perperam
1878 5471 1977 5511 ex-

387 5527 650 5608 pninierat
714 5550 1028 5609 revocamus
1057 5550 1120 5609 es
1154 5532 1311 5595 Bad.,
1338 5527 1422 5584 Er.
1454 5539 1509 5609 et
1538 5544 1648 5584 mss
1696 5527 1863 5609 Porro
1885 5543 1978 5582 vo-

387 5600 636 5664 cabulum
666 5607 836 5664 Israel
865 5600 920 5662 in
943 5605 1100 5659 dandi
1136 5619 1261 5658 casu
1296 5605 1643 5655 enuntiatur:
1677 5600 1919 5668 adeoque
1945 5617 1979 5654 ss

389 5682 647 5750 patribus,
698 5680 918 5749 perinde
948 5687 1030 5731 est
1076 5691 1138 5729 ac
1168 5675 1382 5750 nomine
1429 5669 1981 5750 etjurcﬁprotui‘ssio-

389 5741 513 5806 num
538 5741 778 5818 patribus
807 5750 1096 5813 factarum,
1137 5744 1430 5800 secundum
1471 5741 1601 5798 illud
1635 5741 1786 5798 Pauli
1818 5741 1977 5798 llom.

390 5840 444 5882 χι
462 5866 476 5892 ,
502 5824 597 5890 ‘28,
621 5821 928 5890 citarissimi,
952 5829 1158 5891 prapter
1178 5826 1367 5891 patres.

2071 3297 2306 3368 pientia,
2338 3314 2444 3354 non
2474 3314 2542 3353 ex
2573 3300 2878 3354 efﬁcientlis
2898 3343 2912 3366 ,
2943 3301 3040 3356 sed
3071 3318 3137 3356 ex
3168 3312 3386 3358 natura:
3417 3306 3494 3360 rei
3527 3307 3672 3364 enim

2070 3391 2247 3447 omnis
2289 3392 2453 3446 habet
2490 3401 2834 3462 potestatem.
2878 3394 3145 3449 Cit-terum
3193 3397 3467 3468 negotium
3513 3413 3674 3456 omne

2073 3482 2356 3553 potestatis
2385 3483 2612 3538 eilectus
2639 3493 2755 3538 est:
2787 3495 2842 3540 et
2871 3501 2974 3539 non
3006 3485 3148 3541 idem
3180 3497 3264 3543 est
3293 3503 3428 3559 opus
3461 3491 3674 3545 virtutis

2072 3587 2128 3632 et
2160 3577 2362 3643 virtus,
2391 3586 2446 3631 ct
2477 3575 2720 3632 efﬁciens
2762 3577 3090 3635 discernitur
3124 3584 3194 3637 ab
3233 3582 3447 3638 etfecto.
3483 3583 3672 3639 l’lurcs

2073 3671 2144 3745 (j)
2171 3671 2315 3730 enim
2341 3670 2562 3726 eludere
2604 3671 2804 3726 dictum
2835 3674 3190 3742 apostolicum
3209 3713 3224 3742 ,
3253 3690 3360 3744 quo
3387 3677 3461 3729 ait
3488 3677 3674 3732 Chris-

2075 3777 2185 3820 tum
2217 3766 2312 3822 Dei
2345 3767 2662 3837 sapientiatn
2689 3777 2743 3820 et
2773 3768 2864 3821 Dei
2895 3768 3146 3822 virtutem
3202 3768 3256 3838 (Ι
3303 3767 3423 3821 Cor.
3465 3785 3505 3833 ι,
3546 3768 3667 3840 2i),

2075 3861 2157 3916 itis
2184 3861 2357 3915 modis
2385 3861 2597 3916 solent:
2625 3860 2768 3928 quod
2793 3860 2844 3914 iu
2872 3876 2938 3916 eo
2965 3875 3031 3914 ex
3059 3861 3266 3930 virgine
3292 3861 3528 3914 creando
3554 3861 3670 3914 cili-

2073 3969 2168 4008 cax
2205 3954 2300 4008 Dei
2328 3953 2586 4022 sapientia
2617 3961 2673 4006 et
2701 3952 2870 4007 virtus
2897 3950 3191 4016 exstiterit,
3221 3959 3276 4006 et
3306 3953 3359 4006 in
3391 3953 3672 4007 nativitato

2072 4047 2192 4115 ejus
2215 4045 2410 4100 divinae
2439 4043 2734 4115 prudentiae
2757 4052 2812 4098 et
2839 4042 3123 4112 potestatis
3151 4055 3286 4112 opus
3311 4043 3668 4112 intelligatur;

2074 4141 2252 4210 sitque
2276 4140 2328 4193 in
2357 4153 2424 4194 eo
2445 4137 2732 4194 efﬁcientia
2763 4139 2942 4208 potius
2959 4175 2975 4204 ,
2999 4151 3157 4208 quam
3181 4136 3342 4210 ηε
3365 4143 3556 4194 natura
3581 4152 3672 4194 ειν

2140 4318 2208 4392 (f)
2237 4319 2370 4376 Tres
2398 4319 2584 4390 probat
2611 4327 2753 4374 notae
2780 4334 2912 4376 mss.
2939 4320 3145 4375 modus.

2136 4413 2217 4487 (θ)
2249 4414 2344 4469 llic
2368 4423 2424 4469 et
2449 4412 2584 4469 inira
2612 4412 2966 4484 supplendum
2985 4455 3000 4480 ,
3023 4425 3308 4485 coarguunt
3331 4417 3488 4486 quod.

2139 4507 2218 4574 (It)
2263 4505 2388 4560 Par.
2441 4513 2489 4559 et
2535 4505 2843 4560 ablutionem
2892 4517 3150 4570 ueterum,
3202 4516 3308 4560 etc.
3368 4505 3515 4561 Unus
3567 4521 3670 4563 ms.

2070 4576 2224 4634 Coll).
2274 4593 2393 4630 cum
2437 4577 2600 4632 Cum.
2637 4585 2683 4630 et
2730 4592 2760 4628 a
2801 4577 2978 4642 dolare
3026 4578 3230 4632 ablutos
3269 4586 3527 4643 ueterum,
3558 4589 3667 4634 etc.

1992 4645 2039 4704 Ι)
2070 4650 2404 4703 Revocnutus
2455 4647 2740 4701 lectionem
2795 4647 2963 4714 Bad.,
3007 4648 3098 4703 Er.
3147 4660 3200 4702 et
3239 4647 3385 4717 Lips.
3430 4664 3549 4720 qua:
3591 4658 3674 4706 cst

2075 4722 2457 4790 plerarumque
2496 4734 2626 4774 mss.

2149 4825 2210 4894 (i)
2261 4823 2319 4878 ltt
2365 4823 2570 4886 aliquot
2626 4839 2756 4877 mss.
2810 4825 3012 4892 potibus
3061 4825 3287 4892 cibisque
3333 4827 3668 4894 prmscriptis.

2078 4896 2201 4968 Mox
2247 4895 2557 4968 mallemus,
2610 4896 3282 4968 dmmonium_nuncupant.
3336 4895 3502 4950 l’aulo
3555 4908 3676 4968 post

2079 4967 2243 5032 editi,
2285 4968 2340 5020 in
2381 4965 2542 5036 legem
2577 4982 2823 5037 peccare:
2861 4966 3259 5037 refragantibus
3298 4981 3430 5022 mss.
3478 4965 3572 5022 llis
3610 4969 3676 5022 ii-

2081 5037 2354 5114 iustrutur
2393 5037 2523 5092 illud
2571 5054 2584 5088 :
2641 5036 2791 5114 Venit
2841 5036 3068 5114 .Iqannes
3105 5054 3274 5114 neque
3314 5041 3674 5114 ntanducans,

2081 5125 2238 5192 neque
2257 5109 2488 5191 .bibenso,
2547 5118 2592 5163 et
2628 5109 2844 5192 dicunt,
2871 5107 3438 5192 Pmmuniutnmftabet:
3484 5111 3626 5180 quod

2079 5178 2300 5235 Joannis
2327 5181 2544 5234 nomine
2567 5223 2580 5249 ,
2611 5181 2678 5236 de
2709 5181 2824 5252 iege
2852 5179 3054 5236 dictum
3088 5180 3421 5251 intelligitur.

2152 5295 2238 5367 (j),
2267 5292 2400 5367 Eam
2439 5295 2606 5364 ipsam
2643 5295 2962 5351 sententiam
3004 5295 3169 5350 Paulo
3207 5295 3562 5367 Samosateno
3595 5303 3678 5350 at-

2081 5365 2269 5421 tribuit
2296 5365 2571 5431 Leontius,
2604 5367 2697 5423 iib.
2727 5367 2794 5420 de
2823 5368 3017 5432 Sectis,
3047 5375 3151 5421 act.
3183 5367 3216 5420 5
3237 5384 3248 5419 :
3269 5366 3466 5420 Paulus
3489 5368 3680 5422 Santo-

2081 5448 2319 5499 eatenus,
2368 5437 2566 5506 inquit.
2595 5440 2948 5491 subsistentem
2975 5453 3062 5504 per
3096 5454 3150 5491 se
3184 5436 3281 5490 Dei
3314 5454 3595 5492 sermonem
3622 5439 3679 5492 in

2086 5508 2289 5562 Christo
2328 5509 2485 5578 fuisse
2519 5523 2619 5562 non
2655 5509 2881 5570 dicebat;
2919 5509 3007 5560 sed
3042 5508 3234 5578 uolebat
3267 5526 3548 5564 sermnem
3573 5524 3683 5564 esse

2079 5585 2284 5653 jnssunt
2312 5577 2583 5653 quemdam
2607 5597 2670 5632 ac
2684 5580 2994 5653 _tmmdutttm
3013 5621 3029 5645 ,
3059 5577 3156 5633 hoc
3179 5590 3284 5646 est,
3316 5580 3481 5634 Jussit
3517 5579 3678 5653 Deus,

2090 5647 2144 5724 ut
2171 5651 2636 5724 ipseloquebatur,
2661 5651 2773 5719 ﬁeri
2801 5667 2893 5719 per
2920 5647 3179 5724 ltontittent
3208 5654 3353 5708 illum
3379 5653 3517 5724 quod
3544 5647 3681 5706 volo;

2089 5722 2171 5776 bat
2198 5763 2212 5788 ,
2245 5722 2474 5790 idemque
2505 5738 2592 5792 per
2621 5722 2766 5776 illum
2795 5721 3033 5792 faciebat.
