4222 6262
535 258 640 314 985

1719 247 1967 305 ΒᾹΝΟΤΙ
1999 245 2255 306 BILARII
2279 247 2586 304 EPISCOPI

3740 247 3849 306 98-5

534 363 774 436 pientite.
805 361 1044 430 Quorum
1071 374 1139 416 ne
1164 359 1293 430 quid
1319 359 1426 416 tale
1454 359 1680 430 intelligi
1708 368 1923 429 posset,
1955 360 2130 430 ipsum
2161 363 2208 421 Α
2235 363 2513 434 utriusque
2543 364 2596 419 in
2627 371 2812 419 mutua
2837 363 3146 433 cognitione
3187 377 3310 419 esse
3349 363 3703 420 substantiam
3734 363 3845 420 do-

533 471 596 514 se
625 456 956 527 Sapientiam
985 455 1346 523 nuncupavit;
1373 469 1492 510 eam
1519 454 1572 508 in
1602 468 1694 520 se,
1724 470 1830 509 non
1863 469 1984 525 quae
2015 454 2134 525 ejus

534 561 664 609 sunt
686 551 999 607 ostendens.
1027 549 1123 604 Est
1143 549 1286 604 enim
1309 548 1600 620 Sapientiae
1625 563 1783 618 opus,
1809 547 1966 615 ﬁdes,
1989 561 2135 619 spes,

535 643 802 708 charitas,
835 641 916 713 (a)
947 639 1225 710 pudicitia,
1249 641 1545 711 jejunium,
1574 640 1938 706 continentia,
1962 640 2141 695 humi-

536 738 697 804 litas,
728 733 1067 790 humanitas:
1100 733 1195 790 sed
1227 735 1342 790 haec
1375 744 1578 790 natura:
1619 749 1783 804 opera
1823 743 1987 799 sunt,
2030 748 2137 788 non

537 829 656 898 ipsa
698 833 926 893 natura;
965 835 1021 902 et
1061 842 1166 880 non
1207 826 1263 880 in
1304 825 1388 880 bis
1426 841 1547 895 qua;
1577 825 1739 891 ﬁttnt,
1771 825 2018 895 consistit
2052 838 2141 880 res

535 923 654 992 ipsa
703 936 822 992 quae
863 920 1042 976 faciat.
1090 920 1168 990 (b)
1211 917 1319 975 Cur
1348 919 1638 990 Apostolus
1669 919 1760 974 Dei
1793 919 2046 972 virtutem
2086 926 2142 972 et

538 1014 638 1070 Dei
682 1013 1001 1082 sapientiam
1047 1012 1278 1078 dixerit,
1326 1012 1451 1083 quia
1494 1026 1561 1067 ex
1604 1026 1665 1066 ea
1707 1009 1978 1081 Sapientia
2019 1022 2142 1080 qua:

536 1118 685 1173 erat,
717 1116 900 1164 creata
930 1106 1198 1177 sapientia
1224 1107 1342 1161 est?

613 1199 701 1254 10.
732 1198 1042 1254 Iudaeorum
1069 1199 1403 1252 incredulitas
1429 1213 1580 1267 quam
1597 1213 1780 1251 rea.—
1815 1194 1900 1248 Va:
1929 1194 2019 1248 tibi
2045 1193 2142 1248 σοι

537 1294 718 1347 rozain
759 1301 808 1346 et
847 1290 1127 1346 Bethsaida
1145 1307 1165 1355 ;
1204 1291 1325 1358 quia
1358 1291 1404 1344 si
1443 1291 1496 1344 in
1524 1289 1663 1360 Tyro
1691 1299 1737 1343 et
1767 1287 1967 1344 Sidone
1994 1287 2144 1356 facta:

536 1395 706 1441 essent
759 1387 968 1440 virtutes
1021 1399 1137 1456 qua:
1181 1389 1334 1455 factw
1370 1393 1488 1437 sunt
1524 1385 1580 1438 in
1619 1384 1758 1438 vobis
1782 1424 1796 1448 ,
1830 1392 1885 1438 et
1934 1381 2143 1452 reliqua

543 1477 763 1551 (Matth.
795 1493 861 1542 tt,
893 1477 1011 1546 21).
1045 1476 1430 1533 Inobedientite
1459 1475 1806 1531 maledictum
1863 1490 1987 1530 cum
2016 1474 2147 1530 obe-

537 1571 759 1626 dientiaa
783 1570 1169 1626 benedictione
1192 1570 1519 1625 decernitur.
1553 1569 1749 1624 Primis
1777 1568 1921 1623 enim
1949 1567 2148 1624 Judteis

536 1663 780 1732 nportuit
820 1662 1139 1733 praedicari;
1178 1662 1272 1717 sed
1313 1662 1594 1732 privilegio
1633 1660 2034 1732 praedicationis
2065 1661 2149 1715 in-

2239 463 2360 520 cet,
2413 455 2577 528 726
2621 470 2744 512 cum
2795 455 2886 526 qui
2935 455 3128 510 Filium
3182 463 3573 522 cognosceret,
3621 455 3845 512 Patrem

2239 562 2454 618 quoque
2495 549 2811 619 cogniturus
2856 557 3002 604 esset
3046 553 3099 603 in
3147 549 3319 603 Filio:
3364 549 3490 620 quia
3520 549 3702 604 omnia
3730 549 3782 605 ei
3813 563 3850 604 a

2242 641 2404 697 Patre
2450 642 2556 697 sint
2605 641 2820 697 tradita.
2878 641 3094 698 Tradita
3144 653 3324 697 autem
3371 658 3477 697 non
3528 641 3634 697 alia
3685 653 3850 709 sunt,

2242 749 2403 804 quam
2445 716 2567 804 qua:
2607 734 2660 788 in
2707 734 2845 789 Filio
2886 733 2987 789 soli
3033 743 3158 789 nota
3193 742 3317 788 sunt
3346 732 3513 789 Patri.
3547 733 3684 790 Nota
3713 749 3853 790 vero

2243 827 2384 882 Filio
2431 824 2504 898 (e)
2549 827 2650 881 soli
2682 841 2839 894 esse,
2887 843 3006 897 quae
3046 826 3223 881 Patris
3265 835 3410 881 sunt.
3456 829 3632 898 Atque
3674 826 3748 882 ita
3796 828 3853 881 in

2245 918 2350 974 hoc
2378 926 2578 973 mutuae
2600 918 2924 989 cognitionis
2943 921 3168 974 secreto
3194 918 3529 989 intelligitur,
3563 933 3675 973 non
3703 918 3856 973 aliud

2245 1011 2298 1066 in
2330 1011 2500 1080 Filio,
2536 1027 2696 1083 quam
2725 1010 2872 1083 quod
2903 1012 2955 1066 in
2993 1011 3153 1068 Patre
3194 1011 3490 1083 ignorabile
3529 1014 3635 1082 sit,
3681 1012 3856 1070 exsti-

2247 1105 2399 1161 tisse.

2320 1202 2406 1256 15.
2438 1200 2634 1273 Iugum
2661 1199 2855 1257 Chriin
2879 1202 3014 1257 unde
3041 1218 3218 1257 suave.
3245 1232 3310 1243 —
3327 1201 3485 1274 Legis
3516 1201 3716 1259 deinde
3743 1201 3832 1258 dif
3832 1233 3856 1244 -

2247 1293 2576 1348 ﬁcultatibus
2622 1294 2965 1359 laborantes,
3013 1304 3066 1348 ct
3109 1295 3342 1364 peccatis
3381 1293 3566 1349 δίρρυὶί
3596 1306 3856 1350 oneratos

2248 1385 2314 1439 ad
2344 1399 2404 1440 se
2428 1385 2655 1441 advocat
2685 1384 2851 1458 (Ibid.
2875 1385 3002 1456 28):
3031 1385 3486 1456 dempturumque
3517 1402 3577 1442 se
3608 1387 3858 1442 laborem

2246 1491 2494 1547 onusque
2518 1478 2813 1546 promittit,
2842 1477 2887 1532 si
2917 1477 3078 1533 modo
3103 1478 3222 1548 ejus
3242 1477 3426 1548 jugum
3456 1478 3680 1545 tollant,
3705 1493 3864 1532 man-

2247 1567 2496 1624 datorum
2529 1568 2737 1624 scilicet
2765 1583 2984 1624 suorum
3026 1577 3298 1640 praecepta
3339 1569 3665 1640 suscipiant,
3707 1585 3866 1625 eum—

2251 1676 2355 1731 que
2390 1672 2734 1718 sacramento
2773 1663 2951 1717 crucis
2989 1662 3225 1718 adeant:
3268 1663 3390 1734 quia
3429 1663 3594 1718 corde
3637 1663 3866 1719 humilis

540 1753 821 1810 ﬁdelitatis
851 1755 1163 1810 cumulatur
1193 1754 1393 1809 invidia
1416 1796 1431 1818 ,
1466 1769 1586 1809 cum
1619 1753 1959 1810 credentium
1990 1767 2149 1823 argu-
2177 1753 2226 1813 B
2253 1762 2309 1808 et
2337 1754 2482 1808 mitis
2519 1754 2619 1819 sit,
2666 1763 2721 1808 et
2761 1754 2813 1808 in
2856 1753 2938 1808 Itis
2977 1753 3260 1809 animabus
3286 1754 3398 1809 suis
3429 1755 3664 1826 requiem
3697 1756 3856 1811 inve-

546 1854 708 1898 antur
744 1843 1028 1914 exemplo,
1071 1844 1268 1914 quibus
1306 1843 1453 1898 nulla
1491 1843 1754 1898 factorum
1791 1842 2151 1898 admiratione

541 1937 821 2012 praposita
844 1980 859 2006 ,
901 1936 1049 1992 salus
1087 1937 1265 1990 omnis
1303 1951 1369 1990 ex
1411 1934 1518 1990 ﬁde
1557 1935 1648 1990 sit.
1680 1935 1966 1990 Dominum
2007 1935 2150 1990 enim

546 2033 600 2087 in
637 2029 923 2086 Bethsaida
953 2037 1008 2085 et
1037 2027 1411 2098 Capltarnaum
1445 2028 1579 2082 muti
1618 2026 1872 2093 laudant,
1904 2027 2034 2081 caeci
2072 2026 2151 2080 vi-

541 2126 704 2192 dent,
746 2124 896 2181 surdi
936 2123 1194 2187 audiunt,
1225 2121 1402 2177 claudi
1443 2120 2150 2188 circumcurrunt,‘mortui

542 2216 818 2282 sentiunt;
851 2226 906 2270 et
937 2213 1014 2288 (ο)
1046 2214 1252 2269 nullum
1295 2211 1424 2268 ﬁdei
1453 2213 1732 2268 voluntate
1762 2227 1942 2269 rerum
1974 2221 2148 2267 tanta-

543 2325 667 2364 rum
698 2307 986 2363 admiratio
1015 2305 1428 2372 commovebat,
1457 2320 1578 2360 eum
1606 2304 1720 2360 sola
1749 2312 2024 2374 gestorum
2052 2319 2150 2358 au-

550 2403 686 2457 ditio
723 2416 919 2457 vocare
959 2399 1039 2473 (ά)
1073 2401 1140 2455 ad
1181 2383 1404 2465 metum,
1447 2407 1611 2468 atque
1648 2397 1717 2453 ad
1757 2397 1918 2453 fidem
1959 2411 2152 2468 rapere

543 2494 840 2550 debuisset.
876 2491 981 2550 Sed
1011 2507 1120 2548 non
1151 2492 1328 2547 solum
1356 2489 1486 2561 Tyri
1515 2498 1571 2546 et
1609 2488 1859 2556 Sidonis,
1902 2488 1998 2545 sed
2036 2490 2152 2559 ipsa

543 2588 907 2645 Sodomorum
955 2596 1012 2643 et
1061 2584 1541 2642 Gomorrhaeorum
1593 2581 1792 2639 facient
1839 2582 1975 2638 levia
2027 2595 2154 2651 pec-

547 2689 710 2738 cata:
762 2681 885 2752 quia
932 2679 1078 2736 forte
1116 2680 1226 2735 illis
1271 2677 1534 2734 credendi
1571 2677 1763 2734 fuisset
1799 2675 2025 2732 allectus
2049 2716 2066 2744 ,
2107 2675 2153 2732 si

545 2774 735 2830 talium
776 2775 1035 2828 virtutum
1079 2771 1472 2842 contemplatio
1509 2770 1848 2841 contigisset.

617 2869 708 2924 11.
738 2867 933 2924 Christi
963 2868 1025 2922 de
1054 2867 1158 2937 fide
1186 2867 1413 2938 gentium
1443 2866 1710 2935 gaudium.
1728 2864 1883 2919 —In
1911 2865 2001 2920 illo
2028 2875 2152 2920 tent-

545 2977 671 3035 pore
708 2962 1021 3031 respondens
1059 2957 1215 3015 Jesus
1254 2960 1421 3025 dixit,
1463 2957 1722 3030 Conﬁteor
1763 2961 1890 3028 tibi,
1938 2959 2152 3015 Domine

545 3065 695 3125 pater
725 3056 839 3110 caeli
867 3064 915 3109 et
947 3063 1131 3120 terrae,
1172 3056 1295 3125 quia
1337 3053 1650 3108 abscondisti
1691 3055 1799 3109 haec
1838 3071 1869 3107 a
1907 3056 2153 3125 sapienti-

545 3147 638 3201 bus
658 3189 674 3214 ,
700 3158 746 3202 et
770 3146 1008 3201 revelasti
1036 3161 1096 3198 ea
1124 3144 1374 3217 parvulis,
1407 3154 1461 3200 et
1489 3146 1696 3216 reliqua
1727 3144 1891 3219 (Ibid.
1917 3146 2033 3216 25).
2066 3147 2156 3200 Di-
2182 3142 2248 3206 C.

542 3253 651 3310 gne
672 3238 1040 3308 superioribus
1062 3237 1220 3293 dictis
1239 3236 1506 3293 confessio
1529 3239 1649 3294 talis
1669 3237 1997 3310 adjungitur.
2018 3238 2151 3295 Nam

545 3330 768 3385 tametsi
795 3329 1049 3399 optabilis
1074 3328 1240 3385 fuerit
1263 3331 1408 3384 salus
1434 3329 1630 3397 Israel,
1663 3342 1844 3386 tamen
1869 3349 1976 3387 non
2004 3341 2154 3388 extra

549 3419 805 3492 gaudium
840 3418 1049 3474 Domini
1081 3427 1201 3474 erat
1231 3419 1517 3488 praedicata
1547 3421 1676 3475 olim
1709 3420 1842 3476 ﬁdes
1881 3424 2145 3492 gentium.

546 3514 866 3570 leestium
896 3514 1040 3568 enim
1076 3513 1364 3568 verborum
1398 3528 1591 3568 arcana
1624 3526 1785 3585 atque
1813 3516 2042 3572 virtutes
2069 3533 2154 3573 sa~

546 3606 824 3676 pientibus
856 3603 1280 3671 absconduntur,
1314 3614 1368 3660 et
1393 3606 1636 3675 parvulis
1665 3609 2004 3665 reveiantur:
2034 3625 2156 3680 par-

549 3699 689 3756 vulis
720 3699 921 3755 malitia
945 3742 960 3766 ,
994 3714 1102 3754 non
1133 3714 1330 3766 sensu;
1362 3700 1699 3770 sapientibus
1739 3717 1873 3758 vero
1912 3705 2156 3760 stultitiae

548 3809 662 3850 sua:
701 3793 1126 3864 praesumptione
1147 3833 1164 3860 ,
1196 3808 1302 3848 non
1337 3794 1635 3864 prudentiae
1663 3797 1862 3852 causis.
1895 3797 2152 3868 Factique

549 3887 712 3958 hujus
743 3887 1051 3958 aequitatem
1083 3887 1343 3941 Dominus
1370 3895 1608 3957 paterna:
1636 3888 1928 3944 voluntatis
1950 3889 2157 3958 judicio

549 3981 837 4038 conﬁrmat
869 3980 1049 4051 (Ibid.
1078 3980 1149 4036 26
1169 3979 1224 4052 ):
1258 3989 1318 4035 ut
1345 3985 1435 4051 qui
1465 3981 1828 4053 dedignantur
1860 3985 2070 4053 parvuli
2102 3985 2155 4040 in

548 4076 664 4132 Deo
696 4075 849 4140 ﬁeri,
880 4074 1029 4130 stulti
1059 4074 1317 4145 deinceps
1343 4074 1397 4129 in
1429 4075 1692 4146 sapientia
1722 4090 1817 4130 sua
1845 4076 1994 4132 liant.

622 4168 713 4225 12.
747 4167 905 4222 Pater
933 4175 981 4222 et
1010 4165 1181 4221 Filius
1209 4167 1363 4221 unius
1391 4167 1710 4222 substantiw.
1735 4196 1806 4207 —
1829 4169 1906 4222 Ac
1933 4183 2000 4224 ne
2028 4169 2156 4240 quid

550 4263 606 4318 in
637 4262 729 4316 illo
757 4262 937 4316 minus
957 4303 971 4327 ,
999 4275 1160 4330 quam
1187 4261 1333 4331 quod
1359 4260 1416 4316 in
1445 4261 1555 4316 Deo
1583 4269 1667 4317 est
1685 4302 1700 4329 ,
1729 4263 2154 4330 existimaretur;

552 4355 735 4410 omnia
763 4354 866 4408 sibi
895 4369 926 4408 a
956 4353 1114 4408 Patre
1141 4354 1216 4408 ait
1246 4355 1436 4409 tradita
1467 4370 1589 4410 esse
1610 4395 1626 4418 ,
1659 4357 1871 4428 solique
1912 4373 1970 4414 se
2012 4358 2155 4414 Patri

552 4446 826 4517 cognitum
849 4487 864 4512 ,
899 4445 1220 4517 Patremque
1253 4446 1353 4501 soli
1394 4446 1494 4501 sibi
1535 4456 1720 4502 notum
1743 4491 1757 4514 ,
1791 4450 1872 4504 vel
1915 4451 2000 4505 cui
2043 4451 2158 4520 ipse

2256 1845 2406 1899 niant
2437 1844 2604 1916 (Ibid.
2632 1844 2724 1916 29)
2753 1861 2766 1898 :
2793 1844 2907 1915 jugi
2949 1846 3125 1900 suavis
3155 1855 3210 1900 et
3241 1846 3371 1902 levis
3414 1847 3590 1902 oneris
3630 1847 3852 1902 blandi-

2254 1946 2434 1991 menta
2462 1951 2798 2006 proponens,
2828 1945 2886 1991 ut
2905 1936 3250 1992 credentibus
3276 1937 3395 2008 ejus
3421 1937 3544 1992 boni
3570 1938 3854 1994 scientiam

2255 2039 2506 2101 praestet,
2535 2030 2679 2100 quod
2704 2030 2855 2085 solus
2883 2031 2997 2100 ipse
3024 2030 3174 2086 novit
3199 2031 3251 2085 in
3283 2031 3460 2086 Patre.
3489 2031 3558 2086 Et
3581 2032 3706 2102 quid
3733 2033 3868 2105 jngo

2255 2121 2426 2192 ipsius
2455 2122 2708 2188 suavius,
2740 2121 2868 2192 quid
2899 2135 3064 2177 onere
3092 2121 3294 2190 levius,
3329 2122 3666 2193 probabilem
3700 2124 3820 2180 ﬁeri
3848 2168 3865 2191 ,

2257 2214 2468 2270 scelere
2497 2213 2792 2280 abstinere,
2827 2215 3027 2269 bonum
3055 2213 3212 2281 velle,
3246 2215 3444 2269 malum
3474 2215 3647 2281 nolle,
3675 2231 3868 2273 amare

2253 2323 2466 2375 omnes,
2491 2307 2672 2364 odisse
2701 2307 2906 2362 nullum
2926 2349 2940 2372 ,
2969 2317 3170 2363 interna
3192 2308 3476 2379 consequi,
3508 2309 3872 2378 praesentibus

2254 2416 2362 2456 non
2389 2401 2542 2472 capi,
2577 2399 2725 2456 nolle
2756 2399 2959 2457 inferre
2989 2399 3175 2469 alteri,
3206 2399 3351 2471 quod
3378 2399 3484 2471 ipsi
3515 2400 3620 2456 sibi
3653 2403 3871 2473 perpeti

2254 2494 2324 2550 sit
2360 2493 2669 2551 molestum.

2869 2608 3099 2666 CAPUT
3138 2607 3254 2664 XII.

2258 2727 2518 2797 Discipuli
2557 2727 2727 2797 spicas
2764 2725 2980 2780 vellunt.
3023 2722 3213 2778 Manus
3252 2722 3416 2777 arida:
3453 2722 3715 2778 hominem
3754 2725 3874 2778 sab-

2330 2823 2447 2876 bato
2485 2821 2684 2875 curavit
2715 2817 2886 2874 Iesus.
2921 2817 3127 2873 chum
3154 2827 3202 2872 et
3234 2817 3605 2870 dwmoniacum
3643 2818 3870 2871 curavit.

2327 2917 2408 2971 De
2447 2915 2765 2988 blasphemia
2804 2913 3065 2982 Spiritus,
3107 2910 3172 2964 de
3209 2914 3380 2982 fructu
3411 2909 3613 2963 arboris
3645 2910 3793 2963 bona'
3819 2919 3873 2964 et

2328 3013 2478 3067 mala:
2498 3054 2514 3079 ,
2543 3011 2606 3065 de
2633 3010 2772 3065 omni
2810 3008 2960 3063 uerbo
2987 3007 3150 3062 otioso
3168 3049 3182 3072 ,
3213 3006 3276 3058 de
3305 3002 3558 3058 Ninivitis
3597 3013 3647 3058 et
3683 3003 3871 3074 regina

2337 3103 2549 3168 Austri,
2599 3101 2663 3156 de
2711 3109 2901 3170 septem
2947 3097 3212 3169 spiritibus
3255 3107 3301 3152 et
3345 3108 3546 3164 octavo,
3592 3095 3659 3152 de
3706 3104 3874 3151 matre

2329 3196 2362 3252 J
2369 3213 2459 3252 esu
2485 3206 2532 3251 et
2561 3194 2832 3266 fratribus.

2329 3335 2382 3388 1.
2415 3331 2608 3387 Christi
2640 3339 2784 3402 gesta
2813 3330 2958 3384 aliud
2985 3329 3314 3402 portendunt.
3334 3328 3491 3384 -—In
3517 3330 3609 3385 illo
3636 3341 3868 3400 tempore

2255 3429 2380 3484 abiit
2403 3426 2434 3480 J
2442 3443 2556 3482 esus
2578 3442 2668 3497 per
2687 3435 2875 3496 segetes
2897 3425 3118 3480 sabbatis
3133 3441 3152 3478 :
3168 3423 3410 3497 discipuli
3432 3434 3598 3478 autem
3613 3427 3725 3496 ejus
3742 3439 3832 3477 esu
3845 3453 3861 3464 -

2255 3521 2440 3575 riemes
2469 3528 2729 3590 ceperunt
2753 3517 2938 3572 vellere
2965 3517 3165 3587 spicas,
3197 3527 3243 3570 et
3270 3516 3584 3570 manducare
3627 3513 3862 3586 (Matth.

2255 3630 2361 3680 xu,
2393 3612 2470 3684 1).
2520 3614 2585 3666 Et
2615 3625 2866 3683 egressus
2905 3611 2958 3665 in
2986 3620 3225 3682 segetem
3249 3653 3262 3674 ,
3302 3619 3358 3664 et
3385 3609 3503 3664 dies
3534 3607 3783 3675 sabbati,
3813 3616 3872 3663 et

2257 3707 2645 3778 discipulorum
2687 3705 2950 3770 esuritio,
2990 3713 3046 3759 et
3083 3704 3354 3774 spicarum
3396 3702 3759 3772 prtecerptio,
3813 3711 3872 3756 et

2257 3801 2658 3856 Pharisaeorum
2687 3797 3054 3861 insimulatio,
3084 3806 3139 3851 et
3174 3796 3384 3850 Domini
3429 3794 3718 3864 responsio
3766 3794 3866 3847 lia-

2258 3895 2408 3959 bent,
2438 3902 2497 3948 ut
2520 3902 2738 3956 ctctera,
2756 3890 3124 3960 subjaceutem
3157 3888 3430 3943 interioris
3457 3900 3636 3942 causa:
3665 3885 3871 3941 intelli-

2257 3986 2519 4059 gentiam.
2553 3983 2754 4041 Omnes
2779 3983 2925 4038 enim
2947 4024 2962 4049 ,
3007 3992 3063 4035 ut
3104 3980 3373 4046 diximus,
3415 3979 3680 4034 factorum
3723 3979 3871 4033 veri-

2261 4091 2432 4146 tates,
2464 4081 2517 4134 in
2549 4079 2681 4150 ipsis
2711 4077 2820 4132 illis
2856 4085 3133 4147 gestorum
3177 4072 3460 4129 effectibus
3502 4072 3585 4127 sui
3628 4072 3866 4126 similem

2259 4181 2422 4242 atque
2453 4187 2518 4227 ex
2549 4185 2609 4225 se
2641 4167 3045 4239 intelligendam
3077 4169 3266 4223 futura:
3295 4165 3542 4220 veritatis
3573 4164 3862 4235 imaginem

2261 4270 2692 4334 consequuntur.
3259 4325 3262 4327 Α

2331 4359 2386 4411 2.
2433 4355 2672 4412 Gentium
2709 4355 2840 4426 ﬁdes
2870 4365 2917 4409 et
2945 4353 3251 4409 Judworum
3280 4351 3560 4422 inﬁdelitas
3601 4365 3866 4422 praemon-

2260 4458 2513 4504 struatur.
2546 4479 2618 4489 —
2647 4448 2726 4503 Ac
2775 4446 3040 4518 principio
3085 4443 3451 4501 contuendum
3479 4486 3495 4511 ,
3551 4457 3867 4498 sermonem

551 4537 798 4595 revelare
826 4534 1089 4592 voluisset
1118 4534 1292 4608 (Ibid.
1320 4535 1466 4608 27):
1499 4538 1835 4595 revelaturus
1861 4541 1910 4596 ei
1932 4582 1946 4606 ,
1975 4555 2004 4593 a
2049 4555 2155 4612 quo
2180 4547 2233 4606 1)
2260 4540 2406 4596 hunc
2448 4541 2520 4596 ita
2549 4550 2786 4611 emptum
2830 4553 2985 4596 esse:
3030 4538 3099 4593 In
3141 4537 3234 4593 illo
3275 4547 3500 4610 tempore
3541 4536 3668 4590 abiit
3710 4536 3870 4591 Iesus

554 4641 615 4689 ut
655 4631 898 4689 revelare
939 4630 1069 4688 velit
1109 4641 1315 4688 oretur.
1361 4630 1477 4700 Qua
1522 4632 1855 4690 revelatione
1902 4633 2146 4691 eamdem

627 4818 704 4894 (a)
731 4819 1090 4894 carnutxms.
1143 4835 1264 4894 cum
1316 4816 1472 4894 coll).
1523 4819 1826 4894 prudentia,
1870 4821 2148 4894 jejunium.

556 4888 732 4948 Verba
767 4891 919 4946 Pauli
950 4889 1069 4946 Gal.
1106 4907 1162 4955 v,
1192 4890 1264 4945 22
1288 4900 1345 4946 et
1371 4890 1442 4944 25
1464 4931 1479 4956 ,
1524 4888 1613 4944 ubi
1663 4888 1882 4944 fructus
1917 4888 2155 4960 Spiritus

552 4973 803 5019 recenset
832 5003 848 5028 ,
890 4963 1102 5016 videtur
1145 4962 1232 5016 Itic
1268 4961 1500 5016 llilarius
1535 4962 1808 5030 respicere
1833 5003 1848 5026 ,
1885 4971 2045 5030 atque
2081 4961 2155 5015 ita

553 5034 844 5104 Sapientiae
871 5043 926 5088 et
952 5033 1185 5102 Spiritus
1211 5033 1467 5104 voeabula
1499 5033 1588 5085 uni
1613 5032 1899 5101 eidemque
1925 5032 2004 5086 rei
2029 5033 2158 5086 sub.

551 5106 740 5234 illceII-e.
766 5106 1098 5176 Quamquam
1128 5113 1183 5160 et
1210 5103 1314 5159 alia
1345 5113 1398 5159 et
1423 5116 1531 5158 non
1553 5105 1732 5157 omnia
1753 5115 2014 5158 memorat
2036 5118 2156 5174 qua:

601 5193 667 5231 au
693 5192 776 5231 us.

601 5178 776 5231 auius.

630 5248 704 5320 (b)
735 5248 790 5302 In
819 5262 924 5302 uno
952 5244 1225 5320 ms.Colb.
1248 5261 1358 5320 non
1380 5255 1556 5320 exstat
1582 5245 1705 5302 ﬁnis
1735 5245 1894 5316 hujus
1921 5248 2152 5320 numeri.

555 5318 656 5375 Hie
688 5334 784 5390 pro
811 5335 922 5380 cur,
952 5319 1164 5390 Lipsius
1185 5318 1469 5390 substituit
1507 5335 1652 5390 cum,
1682 5321 1824 5388 quod
1845 5327 1908 5390 _et
1936 5319 2158 5390 retinuit

555 5388 702 5446 Pari
735 5388 1103 5445 obnitentibus
1147 5389 1268 5443 aliis
1306 5388 1477 5444 libris.
1526 5389 1808 5445 Rcticetur
1844 5388 1933 5444 hic
1973 5389 2160 5460 hujus-

556 5461 704 5516 modi
743 5461 1069 5532 propositio:
1109 5460 1166 5516 Si
1196 5475 1302 5532 non
1333 5465 1385 5514 in
1426 5461 1510 5515 bis
1547 5477 1668 5532 quae
1705 5463 1870 5522 llunt,
1912 5461 2159 5515 consistit

555 5547 648 5587 res
679 5533 790 5600 ipsa
825 5547 944 5600 qua:
980 5531 1161 5587 faciat.
1203 5531 1282 5586 Ex
1322 5546 1426 5601 qua
1457 5532 1685 5601 quidem
1724 5531 1929 5600 Optime
1965 5547 2159 5588 conse-

559 5602 922 5726 ἓῧίἐιῗξυὲιςέυι·
961 5602 1254 5675 Apostolus
1288 5600 1366 5659 rei
1389 5600 1598 5660 effecta:
1635 5602 1919 5660 efﬁcientis
1953 5616 2155 5660 nomen

675 5691 685 5724 Ι
835 5715 847 5726 .

560 5682 847 5728 attrtbuat't

634 5741 707 5812 (c)
738 5743 913 5815 Editi,
947 5743 1115 5802 nulla.
1145 5743 1365 5804 Rectius
1400 5754 1633 5818 quatuor
1670 5759 1803 5805 mss.
1841 5739 2062 5804 nullum.
2096 5746 2157 5806 In

2256 4651 2346 4707 per
2376 4646 2584 4706 segetes,
2615 4634 2668 4690 id
2697 4643 2814 4703 est,
2844 4633 2898 4689 in
2927 4647 2994 4690 eo
3024 4641 3270 4704 tempore
3291 4646 3399 4704 quo
3429 4632 3568 4704 patri
3598 4633 3711 4689 Deo
3740 4645 3870 4702 gra-

2261 4834 2353 4875 sex
2399 4819 2552 4884 aliis,
2589 4817 2786 4872 nullam
2823 4817 2946 4886 ﬁdei
2982 4816 3325 4882 voluntatem;
3363 4830 3470 4872 non
3513 4815 3864 4888 displiceret,

2260 4891 2465 4945 nullum
2489 4891 2556 4944 ad
2582 4890 2704 4960 ﬁdei
2732 4888 3037 4942 voluntatem
3057 4903 3076 4941 :
3104 4887 3207 4942 hoc
3235 4899 3319 4943 est
3337 4927 3353 4951 ,
3385 4888 3562 4943 nullus
3597 4889 3663 4960 ad
3701 4890 3867 4945 obse-

2259 4962 2531 5033 quendum
2568 4961 2694 5015 lidei
2735 4962 2897 5033 etiam
2941 4960 3245 5033 conspectis
3283 4967 3459 5033 tothac
3498 4959 3660 5033 tantis
3696 4961 3869 5033 mira-

2258 5029 2394 5088 culis
2419 5041 2722 5088 commotus
2748 5030 2879 5097 fuit,
2909 5029 3103 5102 quibus
3138 5029 3223 5086 vel
3273 5029 3471 5086 auditis
3509 5031 3738 5087 credere
3767 5032 3867 5088 de-

2257 5105 2524 5162 buissent.

2335 5176 2413 5248 (τί)
2441 5174 2622 5248 Codex
2651 5173 2812 5248 Silvae
2842 5173 3086 5248 majoris,
3112 5174 3182 5228 ad
3211 5173 3465 5248 medicum
3475 5189 3499 5248 _:
3525 5173 3666 5245 quod
3695 5175 3864 5230 etiam

2263 5244 2428 5303 habet
2451 5245 2803 5301 Micltaelinus
2831 5260 2859 5298 a
2889 5245 3126 5299 secunda
3151 5261 3334 5300 manu.
3360 5244 3557 5300 Verior
3584 5257 3668 5300 est
3699 5248 3864 5302 lectio

2301 5318 2456 5374 rima.
2509 5317 2599 5374 Sic
2645 5316 2791 5372 enim
2841 5317 3107 5386 superiori
3155 5331 3274 5383 cap.
3306 5333 3360 5371 n.
3393 5315 3494 5379 23.
3542 5315 3794 5372 homines
3831 5332 3863 5372 a

2309 5405 2375 5445 eo
2407 5404 2504 5458 per
2536 5397 2815 5458 peccatum
2846 5388 3070 5457 originis
3109 5387 3448 5442 abalienatos
3489 5405 3522 5440 a
3562 5388 3666 5457 ﬁde
3700 5397 3866 5442 metu-

2263 5404 2375 5445 ueo
2443 5405 2504 5444 er
2536 5404 2815 5458 peccatum
2846 5404 3070 5457 originis
3109 5404 3448 5442 auattettatos
3489 5405 3522 5440 a
3562 5404 3666 5457 nae
3700 5404 3866 5442 meru—

2261 5477 2358 5531 que
2389 5404 2488 5533 sei
2519 5461 2898 5533 peregrinantes
2919 5459 3227 5533 rntncupari
3255 5459 3504 5533 legimus.
3548 5460 3866 5533 I’assimque

2260 5527 2400 5604 apud
2433 5527 2693 5604 llilariuin
2725 5539 2883 5604 metus
2908 5527 3006 5585 Dei
3033 5527 3176 5586 idem
3203 5543 3288 5585 est
3315 5527 3460 5601 quod
3485 5531 3694 5597 cultus,
3728 5527 3866 5586 reti--

2260 5602 2347 5674 gio
2379 5613 2435 5674 et
2461 5619 2614 5657 amor
2648 5602 2761 5658 Dei.

2333 5672 2403 5745 (ε)
2441 5675 2551 5730 Vox
2582 5674 2681 5728 soli
2723 5673 3060 5730 desideratur
3104 5672 3156 5727 in
3201 5673 3445 5745 pluribus
3487 5687 3619 5733 mss.
3652 5673 3862 5733 Deinde

2261 5761 2370 5804 esse
2384 5743 2459 5803 ad
2489 5746 2742 5818 superius
2773 5745 2994 5805 verbum
3020 5745 3166 5811 docet
3194 5743 3448 5808 refertur.
3533 5752 3536 5753 '
