4222 6262
350 322 456 379 985

1265 320 1806 378 COMMENTARIUS
1842 320 1906 376 1N
1946 318 2379 377 ΜΑΤΤΗᾸΞΟΜ.
2423 321 2575 378 CAP.
2617 323 2734 380 Xll.

3539 327 3644 386 986

350 441 479 496 tiam
506 438 576 494 de
603 437 726 493 data
757 436 1010 508 gentibus
1040 436 1213 492 salute
1241 435 1530 492 confessus
1559 445 1674 492 est:
1717 446 1776 492 ut
1803 435 1944 491 idem
1974 437 2022 496 Α
2053 443 2133 491 tes
2159 450 2229 490 an
2257 451 2450 492 curare
2479 437 2720 494 sabbatis
2751 438 2941 496 liceret
2971 438 3130 512 (Ibid.
3163 439 3267 512 9):
3298 443 3643 502 occasionem

345 545 540 588 sensus
565 539 621 586 et
647 529 926 601 superiora
955 537 1010 585 et
1035 529 1425 599 consequentia
1455 529 1777 585 contineret.
1804 528 1946 598 Ergo

348 639 445 696 per
474 623 683 693 reliqua
713 637 1016 677 curramus.
1047 622 1191 691 Ager
1220 621 1454 676 mundus
1493 630 1604 688 est,
1644 619 1716 692 (a)
1750 620 1945 676 sabba-

348 725 462 772 tum
531 716 698 772 otium
737 723 849 780 est,
915 728 1073 785 seges
1119 713 1517 769 crediturorum
1558 712 1832 783 profectus
1889 712 1942 767 in

347 823 584 865 messem
628 816 730 862 est.
777 806 920 877 Ergo
964 805 1188 860 sabbato
1229 805 1282 860 in
1321 820 1512 876 agrum
1545 804 1851 875 profectus,
1885 803 1940 859 in

345 900 480 971 legis
507 900 621 955 otio
653 899 864 954 Domini
900 913 1220 970 progressus
1265 897 1320 954 in
1363 898 1506 953 hunc
1537 897 1791 954 mundqu
1824 906 1938 961 est,

343 1002 584 1065 segetem
615 1007 734 1047 eam
757 1033 771 1057 ,
797 990 850 1046 id
877 1000 988 1055 est,
1039 991 1302 1046 sationem
1355 990 1571 1045 humani
1617 991 1834 1059 generis
1859 990 1941 1045 in-

341 1088 545 1141 visens.
577 1084 646 1140 Et
673 1084 797 1154 quia
827 1084 1052 1139 esuritio
1090 1082 1259 1139 fames
1297 1091 1381 1138 est
1419 1083 1607 1139 salutis
1648 1081 1932 1148 humanm;

341 1177 502 1250 727
530 1177 708 1247 spicas
737 1190 1079 1246 przecerpere
1108 1189 1172 1229 ac
1200 1175 1435 1239 vellere,
1479 1175 1686 1230 scilicet
1724 1183 1939 1230 sancto-

339 1285 459 1326 rum
490 1285 550 1326 se
578 1269 748 1325 salute
775 1267 975 1324 satiare
997 1267 1250 1338 discipuli
1275 1267 1554 1324 festinant.
1582 1267 1766 1338 Neque
1791 1267 1934 1322 enim

338 1361 547 1418 homini
590 1360 838 1433 congruit
882 1360 1034 1417 cibus
1078 1359 1272 1431 spicas,
1304 1376 1478 1430 neque
1511 1369 1932 1430 prteecrptarum

337 1469 462 1512 esus
490 1464 577 1510 est
607 1453 752 1509 utilis
777 1453 1063 1509 aristarum
1091 1469 1104 1506 :
1139 1453 1235 1507 sed
1267 1452 1432 1506 futuri
1463 1451 1620 1507 ﬁdem
1653 1451 1775 1506 facti
1806 1467 1932 1521 spe-

335 1553 446 1612 cies
471 1553 808 1622 exsequitur.
840 1559 897 1606 et
926 1551 1094 1606 virtus
1123 1549 1404 1619 interjecta
1431 1550 1721 1604 verborum
1751 1563 1934 1603 sacra-

335 1657 576 1704 mentum
615 1655 670 1701 ct
711 1644 1025 1701 esuritionis
1054 1653 1106 1698 et
1136 1643 1402 1698 satietatis
1431 1643 1683 1698 absolvit.

403 1741 456 1796 5.
483 1738 766 1804 Pharisrei,
788 1739 880 1809 qui
900 1751 1067 1808 penes
1081 1752 1139 1792 se
1157 1737 1366 1792 clavem
1391 1737 1654 1792 cmlorum
1675 1749 1798 1791 esse
1817 1736 1930 1791 exi-

2047 528 2307 600 argueudi
2335 545 2462 586 eum
2491 547 2555 586 ex
2588 531 2942 602 responsione
2972 542 3298 603 quaerentes.
3326 534 3474 602 Quos
3497 535 3649 592 deci-

2047 621 2227 678 dentis
2255 622 2309 677 in
2339 623 2548 679 foveam
2575 624 2693 679 ovis
2720 624 2987 680 conclusit
3015 627 3297 695 exemplo,
3329 642 3486 695 quam
3527 628 3646 685 sine

2043 715 2272 770 crimine
2299 715 2525 770 Sabbato
2553 715 2841 772 extrahere
2876 715 2954 788 (ί)
2989 717 3100 772 sint
3127 717 3349 773 solliciti
3379 717 3486 790 (Ib.
3518 718 3642 792 ll):

2045 808 2354 876 rectiusque
2379 807 2618 874 homini,
2643 809 2732 878 qui
2759 809 2845 862 ovi
2869 817 3122 878 praestet,
3149 808 3473 864 medendum
3499 825 3640 878 esse;

2045 914 2224 969 neque
2254 899 2555 955 ministerio
2581 900 2771 955 salutis
2800 901 3047 956 humana:
3072 900 3492 956 existimandum
3523 905 3640 960 sab-

2043 991 2224 1048 batum
2255 1007 2414 1062 posse
2445 993 2672 1060 violari,
2699 993 2844 1065 quod
2873 993 3222 1050 extrahenda:
3251 995 3321 1052 de
3346 995 3501 1052 fovea
3529 999 3644 1054 ovis

2040 1085 2348 1142 sollicitudo
2377 1103 2482 1142 non
2513 1088 2702 1144 violet.

2111 1181 2164 1234 7.
2215 1178 2321 1234 Eos
2364 1181 2654 1252 signiﬁcat,
2699 1182 2882 1252 quibus
2922 1183 3166 1237 virtutum
3195 1192 3492 1252 potestatem
3523 1184 3640 1253 fecit

2038 1271 2664 1344 C/tristus.-—Subjicitur
2697 1282 2842 1328 recte
2869 1275 2988 1330 talis
3018 1275 3226 1330 Domini
3251 1275 3478 1330 curatio.
3504 1276 3639 1332 Nam

2038 1378 2160 1437 post
2187 1369 2417 1424 reditum
2453 1368 2520 1422 de
2547 1379 2731 1438 segete
2753 1411 2766 1434 ,
2799 1385 2863 1425 ex
2893 1385 2996 1440 qua
3022 1370 3134 1441 jam
3167 1373 3398 1440 apostoli
3434 1373 3638 1429 fructus

2035 1461 2266 1515 sationis
2287 1471 2628 1530 acceperant,
2656 1461 2721 1516 ad
2745 1476 3070 1533 synagogam
3093 1463 3271 1518 venit:
3300 1465 3464 1519 etiam
3489 1465 3638 1519 illinc

2033 1550 2228 1606 messis
2258 1567 2370 1631 sua:
2400 1547 2679 1618 Operarios
2708 1561 3023 1622 paraturus,
3056 1554 3146 1623 qui
3177 1555 3360 1624 plures
3393 1566 3632 1623 postmo-

2033 1641 2160 1698 dum
2187 1659 2292 1696 una
2315 1643 2480 1714 728
2497 1658 2618 1698 cum
2638 1644 2897 1713 aposmlis
2911 1645 3254 1700 exstiterunt.
3281 1646 3343 1700 Hi
3370 1645 3532 1716 igitur
3557 1647 3634 1720 (g)

2032 1743 2294 1790 curantur
2321 1735 2374 1788 iu
2403 1751 2616 1790 maneo.
2663 1735 2860 1790 Danda:
2887 1737 3032 1791 enim
3061 1739 3248 1792 salutis
3277 1738 3632 1793 substantiam

331 1833 634 1898 stimarent,
666 1830 853 1886 illicita
874 1845 1034 1900 agere
1061 1829 1360 1900 discipulos
1387 1836 1686 1897 coarguunt
1708 1825 1926 1899 (.llattli.
1960 1823 2006 1884 B
2037 1843 2144 1883 non
2175 1827 2467 1892 habebant,
2503 1837 2557 1884 et
2587 1844 2776 1883 manus
2803 1828 3040 1883 ofﬁcium
3064 1830 3329 1897 cessabat,
3361 1842 3413 1886 et
3445 1831 3634 1885 minis-

330 1943 424 1994 xtt,
452 1925 547 1996 2):
591 1939 729 1996 quos
758 1923 1019 1978 Dominus
1049 1921 1176 1977 facti
1207 1921 1360 1992 ejus,
1391 1921 1444 1976 in
1475 1937 1581 1992 quo
1608 1922 1710 1975 sub
1740 1937 1921 1976 rerum

325 2027 648 2091 argumento
667 2015 962 2087 prophetia:
978 2015 1114 2070 ratio
1126 2015 1452 2078 continetur,
1467 2013 1745 2069 admonuit
1760 2013 1924 2068 David

324 2127 432 2167 una
461 2125 583 2165 cum
614 2109 700 2164 his
727 2107 819 2178 qui
851 2121 1036 2162 secum
1067 2105 1297 2162 aderant
1334 2106 1667 2162 esurientem
1700 2105 1926 2174 panibus

323 2202 532 2260 illicitis
561 2200 639 2275 (b)
669 2201 941 2272 expletum
973 2197 1142 2254 fuisse
1170 2197 1334 2269 (Ibid.
1363 2199 1444 2268 5).
1477 2198 1662 2269 Neque
1702 2200 1847 2253 enim
1879 2198 1924 2253 si

322 2309 432 2352 non
466 2294 662 2351 licebat
689 2292 839 2360 ﬁeri,
875 2292 1040 2347 David
1066 2291 1310 2347 creditus
1341 2290 1532 2344 fuisset
1575 2289 1768 2344 iecisse
1807 2287 1924 2344 sine

320 2389 570 2446 crimine.
601 2387 802 2444 Verum
834 2386 952 2441 sine
982 2386 1226 2441 criminis
1256 2384 1468 2454 piaculo
1499 2382 1654 2438 factis
1684 2381 1753 2453 (ε)
1802 2397 1926 2452 pro-

320 2482 512 2554 phetat
552 2483 604 2538 in
633 2481 788 2552 lege;
835 2491 894 2535 ut
943 2479 1058 2550 ipse
1087 2493 1212 2534 cum
1261 2477 1471 2532 caeteris
1493 2517 1508 2542 ,
1540 2475 1771 2546 panibus
1801 2489 1924 2544 pro.

320 2574 609 2646 positionis
647 2573 898 2644 expletus
935 2574 1042 2627 sit:
1069 2572 1140 2626 ita
1162 2569 1456 2626 ostendens
1489 2567 1767 2624 Christum
1797 2582 1921 2622 cum

319 2666 584 2738 apostolis
626 2666 868 2737 gentium
912 2665 1086 2721 salute
1134 2661 1482 2729 satiandum,
1529 2660 1673 2732 quod
1719 2659 1924 2717 Iudaeis

321 2761 570 2819 illicitum
602 2760 902 2817 videretur.

387 2858 446 2913 4.
494 2854 732 2911 Alterius
775 2869 993 2926 quoque
1034 2867 1130 2909 eos
1177 2853 1436 2908 admonet
1477 2851 1821 2923 prophetiae,
1864 2860 1924 2907 ut

318 2946 681 3005 consummari
723 2946 775 3001 in
817 2960 877 3000 se
907 2946 1118 3011 omnia,
1152 2960 1275 3016 qua:
1305 2945 1546 2999 anterius
1585 2943 1880 2999 suntdicta
1901 2985 1918 3010 ,

317 3047 709 3112 cognoscerent
737 3039 793 3093 in
825 3038 973 3109 lege;
1005 3037 1287 3093 sabbatum
1308 3038 1359 3092 in
1381 3038 1582 3108 templo
1610 3037 1922 3092 sacerdotes

316 3133 400 3207 (ά)
428 3129 633 3189 violare
657 3132 774 3186 siue
799 3131 1027 3186 crimine
1057 3129 1222 3202 (Ibid.
1254 3129 1342 3202 5);
1374 3130 1631 3200 templum
1660 3144 1720 3184 se
1745 3131 1919 3198 ipsum

2030 1921 2223 1977 terium
2249 1921 2516 1991 corporis,
2544 1935 2652 1990 quo
2677 1921 2876 1990 aliquid
2907 1921 3081 1991 agitur
3125 1931 3286 1993 atque
3315 1922 3393 1995 (Ii)
3428 1924 3632 1995 imper-

2029 2013 2180 2078 titur,
2211 2024 2448 2068 aruerat.
2478 2013 2736 2068 Dominus
2765 2013 2928 2082 igitur
2955 2029 3172 2068 manum
3195 2029 3318 2069 eum
3343 2015 3502 2084 jussit
3533 2032 3626 2070 ex-

2027 2104 2276 2172 tendere,
2303 2121 2424 2175 quze
2455 2105 2701 2160 restituta
2733 2114 2817 2160 est
2846 2106 2894 2160 ei
2925 2105 3065 2160 sicut
3094 2106 3262 2160 altera
3294 2105 3467 2178 (Ibid.
3500 2108 3624 2176 i5).

2025 2195 2250 2253 Curatio
2279 2197 2457 2252 omnis
2495 2197 2548 2250 in
2584 2197 2755 2251 verbo
2792 2206 2907 2262 est,
2949 2205 3006 2252 et
3043 2213 3234 2253 manus
3271 2199 3413 2254 sicut
3455 2197 3627 2254 altera

2024 2288 2288 2353 redditur,
2323 2289 2375 2343 id
2414 2300 2528 2356 est,
2569 2289 2763 2345 similis
2805 2292 3106 2346 ministerio
3152 2292 3520 2362 apostolorum
3569 2294 3626 2348 in

2025 2382 2262 2437 ofﬁcium
2292 2382 2482 2438 danda:
2508 2383 2701 2438 salutis
2729 2382 2966 2439 efﬁcitur
2992 2403 3004 2438 :
3033 2384 3298 2456 docetque
3323 2385 3628 2441 Phariszeos

2025 2489 2168 2546 :egre
2212 2474 2352 2529 ferre
2404 2491 2509 2530 non
2552 2483 2806 2545 oportere
2851 2476 2914 2548 (i)
2963 2479 3332 2548 operationem
3380 2479 3630 2535 humana:

2024 2569 2213 2624 salutis
2245 2569 2296 2623 in
2327 2569 2620 2637 apostolis;
2649 2586 2770 2624 cum
2804 2571 2932 2640 ipsis
2963 2571 3030 2626 ad
3060 2571 3223 2627 oilicii
3256 2573 3498 2642 ejusdem
3528 2573 3632 2628 mi-

2025 2663 2304 2718 nisterium
2337 2678 2527 2717 manus
2554 2663 2624 2717 sit
2656 2663 2996 2718 reformauda
3016 2706 3029 2730 ,
3061 2665 3105 2720 si
3135 2665 3379 2721 credant.

2096 2756 2149 2810 8.
2197 2753 2303 2812 Sed
2332 2754 2530 2809 invidia
2563 2755 2683 2809 facti
2717 2755 3020 2811 Pharisreos
3052 2766 3398 2823 commovet,
3443 2767 3497 2812 et
3527 2755 3628 2812 ad-

2025 2864 2216 2906 versus
2240 2865 2362 2905 cum
2391 2849 2578 2904 ineunt
2603 2849 2890 2905 consilium
2923 2849 3103 2922 (Ibid.
3140 2851 3204 2905 14
3229 2850 3285 2922 ):
3331 2851 3454 2919 quia
3497 2865 3628 2906 con-

2025 2951 2240 2998 tuentes
2274 2940 2550 2997 hominem
2582 2943 2636 2997 in
2666 2957 2916 3012 corpore,
2954 2943 3116 2998 Deum
3152 2943 3204 2998 in
3237 2943 3488 3014 operibus
3519 2959 3624 3000 non

2026 3036 2423 3106 intelligebant.
2514 3036 2816 3106 Sciensque
2865 3052 3051 3092 eorum
3121 3038 3349 3094 consilia
3404 3040 3629 3094 secessit

2026 3128 2209 3199 (Ibid.
2246 3131 2313 3185 15
2336 3130 2354 3199 )
2381 3145 2394 3194 ;
2429 3140 2538 3184 uta
2572 3129 2816 3185 consiliis
2847 3131 3252 3200 malignantium
3284 3133 3468 3200 procul
3492 3132 3626 3186 ullu-

316 3227 526 3283 scilicet
551 3225 826 3290 indicans,
857 3224 914 3278 in
941 3239 1048 3294 quo
1078 3238 1173 3293 per
1199 3223 1550 3294 ap0stolicam
1578 3221 1914 3287 doctrinam,
1947 3210 1992 3274 C
2026 3231 2177 3277 turus
2203 3230 2643 3294 cognosceretur.
2693 3223 2993 3294 Pluresque
3041 3225 3209 3279 turb-.e
3258 3242 3381 3281 eum
3424 3235 3623 3281 secutae

320 3319 522 3391 populo
568 3319 706 3389 legis
756 3317 1053 3372 inﬁdeliter
1095 3317 1169 3386 (e)
1211 3315 1446 3382 otiaute,
1485 3316 1630 3371 salus
1667 3315 1919 3385 gentibus

315 3411 504 3470 datur:
528 3412 651 3483 quia
674 3411 850 3480 major
872 3402 987 3480 ipse
1017 3409 1089 3464 sit
1116 3409 1365 3474 sabbato,
1388 3417 1442 3463 et
1469 3408 1678 3479 absque
1706 3407 1918 3464 violata:

317 3507 451 3579 legis
481 3507 639 3577 culpa
659 3548 676 3573 ,
708 3504 1018 3575 evangelica
1052 3503 1186 3560 ﬁdes
1215 3513 1472 3573 operetur
1500 3503 1552 3558 in
1583 3502 1820 3558 Christo.

389 3600 445 3655 5.
476 3597 612 3669 Lege
640 3605 866 3652 cessante
891 3595 991 3650 Dei
1019 3595 1243 3650 bonitate
1266 3597 1549 3656 salvantur.
1567 3625 1639 3636 —-
1655 3597 1832 3665 Atque
1858 3604 1918 3651 ut

317 3690 634 3748 ostenderet
663 3705 875 3746 omnem
907 3705 1086 3744 rerum
1119 3689 1466 3745 efﬁcientiam
1500 3689 1640 3744 hanc
1675 3689 1914 3758 speciem

316 3784 483 3839 futuri
512 3783 692 3853 operis
717 3783 998 3838 continere
1021 3823 1034 3848 ,
1063 3781 1295 3852 adjecit:
1327 3783 1387 3837 Si
1408 3782 1541 3836 enim
1569 3783 1765 3836 sciretis
1789 3782 1914 3849 quid

314 3887 422 3944 est,
465 3875 876 3931 Misericordiam
915 3877 1064 3939 rolo,
1110 3891 1210 3928 non
1250 3875 1600 3944 sacriﬁcium;
1637 3891 1916 3944 numquam

316 3967 747 4025 condemnassetis
776 3968 1064 4022 innocentes
1092 3965 1259 4038 (Ibid.
1294 3968 1367 4035 7).
1398 3965 1546 4035 Opus
1574 3965 1764 4020 salutis
1791 3980 1917 4022 nos-

314 4070 411 4116 tra:
439 4074 545 4115 non
571 4060 621 4114 in
649 4059 939 4124 sacriﬁcio,
969 4059 1065 4115 sed
1093 4060 1145 4114 iu
1175 4057 1547 4114 misericordia
1575 4069 1690 4113 est:
1719 4067 1773 4113 et
1798 4057 1916 4129 lege

311 4163 564 4210 cessante
584 4194 598 4218 ,
625 4153 676 4207 in
706 4152 802 4208 Dei
829 4152 1070 4208 bonitate
1097 4153 1390 4208 salvantur.
1420 4151 1587 4221 Cujus
1609 4152 1687 4206 rei
1709 4151 1912 4206 donum

313 4246 359 4301 si
393 4245 822 4312 intellexissent,
856 4261 1146 4316 numquam
1174 4245 1631 4301 condemnassent
1659 4245 1915 4302 innocen-

312 4346 418 4404 tes,
449 4338 500 4393 id
527 4348 632 4405 est,
663 4337 936 4408 apostolos
965 4361 977 4392 :
1005 4352 1140 4408 quos
1165 4337 1528 4394 iusimulatnri
1553 4348 1707 4393 erant
1736 4348 1915 4394 trans-

310 4445 514 4504 gressu:
562 4431 697 4501 legis
746 4431 946 4487 invidia
974 4473 988 4496 ,
1037 4446 1158 4486 cum
1207 4429 1596 4486 sacriﬁciorum
1645 4441 1916 4488 vetustate

309 4535 558 4580 cessante
578 4524 846 4580 universis
873 4539 974 4596 per
1000 4539 1096 4580 eos
1126 4523 1514 4579 misericordia:
1544 4527 1752 4579 novitas
1779 4525 1906 4580 sub-

2021 3323 2198 3370 sunt:
2252 3317 2321 3372 ab
2365 3316 2672 3372 inﬁdelibus
2720 3316 2973 3373 videlicet
3026 3319 3326 3384 recedenti,
3380 3318 3620 3375 ﬁdelium

2020 3409 2311 3464 comitatus
2335 3410 2559 3466 assistit.

2091 3499 2144 3554 9.
2197 3499 2302 3555 Cur
2329 3502 2524 3558 sanatis
2553 3503 2812 3558 silentium
2854 3505 2918 3558 de
2955 3521 3010 3560 se
3039 3506 3217 3576 jubeat
3262 3506 3517 3562 Christus.
3545 3537 3618 3549 —-

2019 3593 2115 3649 His
2145 3609 2291 3660 vero,
2326 3609 2465 3665 quos
2491 3605 2666 3660 curat,
2701 3597 2972 3652 silentium
2997 3599 3284 3668 imperavit
3316 3600 3478 3669 (Ibid.
3508 3600 3618 3674 16).

2019 3685 2126 3741 Sed
2157 3689 2417 3757 numquid
2447 3689 2747 3743 curationis
2779 3689 3458 3760 taciturnitas'jubebatur?
3500 3692 3616 3748 Non

2019 3771 2242 3847 otique;
2290 3795 2412 3833 uam
2444 3780 2590 3834 salus
2617 3781 2905 3850 unicuique
2937 3781 3142 3836 reddita
3172 3823 3186 3846 ,
3214 3792 3330 3836 erat
3369 3784 3469 3837 sibi
3503 3784 3618 3852 ipsa

2019 3871 2192 3926 testis.
2226 3871 2331 3926 Sed
2360 3871 2602 3940 jubeudo
2629 3882 2922 3936 secretum,
2955 3882 3010 3926 et
3034 3873 3297 3941 gloriandi
3326 3874 3393 3928 de
3420 3889 3479 3928 se
3503 3874 3617 3944 jac-

2019 3963 2238 4017 tantiam
2289 3964 2560 4028 declinat,
2626 3973 2680 4017 et
2737 3963 3086 4018 nihilominus
3129 3965 3490 4034 cognitionem
3533 3967 3614 4020 sui

2019 4064 2239 4125 praestat
2270 4055 2322 4108 in
2350 4070 2416 4110 eo
2445 4055 2585 4122 ipso,
2615 4053 2742 4109 dum
2777 4053 3032 4108 admouet
3055 4054 3124 4110 de
3153 4070 3212 4108 se
3243 4057 3441 4120 taceri;
3487 4057 3612 4127 quia

2018 4147 2358 4202 Obschunlia
2407 4146 2606 4202 silentii
2654 4161 2719 4203 ex
2765 4162 2824 4203 re
2863 4161 2982 4218 quae
3028 4149 3098 4203 sit
3135 4148 3343 4204 silenda
3373 4150 3615 4220 proﬁcis-

2017 4241 2178 4296 citur.

2093 4333 2180 4390 10.
2218 4334 2319 4402 Qui
2362 4333 2666 4388 arundinem
2689 4343 2983 4404 quassatam
3015 4349 3116 4387 non
3155 4337 3381 4406 frangat.
3418 4333 3519 4400 Qui
3549 4336 3614 4389 li-

2016 4443 2139 4502 num
2169 4428 2429 4499 fumigans
2457 4443 2560 4481 non
2583 4429 2889 4499 exstinguat.
2915 4457 2987 4466 —
3008 4426 3145 4494 Quin
3173 4426 3333 4482 etiam
3359 4443 3452 4497 per
3474 4426 3613 4484 hanc

2018 4521 2228 4575 tacendi
2257 4520 2328 4576 de
2348 4536 2406 4576 se
2428 4521 2780 4582 voluntatem,
2805 4519 3071 4574 dictorum
3101 4535 3196 4589 per
3217 4519 3429 4574 Esaiam
3451 4519 3612 4576 eﬁ‘ec-

310 4620 560 4684 veuiret;
590 4633 766 4688 neque
789 4617 1194 4672 existimassem
1219 4615 1428 4671 sabbati
1460 4616 1776 4686 prmscripto
1807 4618 1906 4670 Do.
1931 4603 1986 4664 D
2015 4622 2102 4667 tus
2131 4612 2381 4681 impletur
2407 4613 2426 4683 (
2451 4611 2589 4664 Ibid.
2620 4611 2721 4676 l7;
2759 4611 2900 4664 Esai.
2933 4625 3040 4665 xui
3064 4652 3078 4675 ,
3127 4611 3153 4664 1
3188 4619 3234 4663 et
3286 4627 3424 4681 seqq.
3453 4611 3471 4680 )
3497 4629 3508 4663 :
3541 4610 3610 4667 de

307 4712 515 4768 mitium
545 4709 757 4768 sabbati
786 4710 1076 4766 contineri.
1109 4709 1238 4765 llaec
1265 4709 1320 4765 in
1349 4723 1540 4780 campo
1566 4709 1706 4764 dicta
1731 4716 1908 4780 gesta-

311 4821 420 4878 que
447 4815 594 4861 sunt.

381 4901 436 4956 6.
470 4899 646 4954 Μαηεί
685 4900 1085 4955 curatio.—Et
1125 4908 1248 4970 post
1289 4900 1406 4956 baac
1452 4915 1778 4972 synagogam
1825 4876 1928 4955 in-l

307 5006 498 5064 gresso
536 4991 810 5048 hominem
850 4992 1016 5048 arida:
1046 5006 1240 5048 manus
1267 4991 1534 5061 oﬂ’eruut,
1579 4993 1912 5065 interrogau-

381 5144 460 5211 (a)
491 5145 615 5202 Mss.
643 5145 796 5202 Colb.
826 5156 880 5202 et
905 5145 1068 5201 Carn.
1095 5146 1340 5201 sabbatis.

381 5217 456 5291 (b)
483 5217 647 5272 Iidem
671 5233 801 5274 mss.
825 5232 947 5273 cum
974 5217 1130 5272 Rom.
1159 5227 1211 5274 et
1229 5218 1706 5287 Vatic.e:cemplum
1731 5219 1908 5288 fuisse.

385 5309 454 5380 (ε)
488 5309 610 5362 Par.
653 5324 775 5364 cum
816 5306 1090 5380 prmdictis
1135 5317 1366 5380 quatuor
1407 5321 1538 5362 mss.
1590 5307 1740 5378 {actis
1783 5322 1906 5377 pro-

307 5380 476 5452 phetae
504 5381 750 5452 intellige.

382 5472 459 5544 (d)
488 5472 544 5544 lu
571 5472 803 5544 vulgatis
826 5487 889 5527 ac
906 5472 1147 5541 pluribus
1176 5487 1306 5544 mss.
1335 5470 1548 5544 violant.
1581 5468 1910 5544 C_oucinnius_

308 5541 364 5596 iu
393 5541 548 5598 Colb.
579 5555 633 5598 et
657 5541 820 5600 Carn.
847 5544 1062 5608 violare,
1087 5543 1278 5613 supple
1303 5543 1528 5598 verbum
1555 5541 1815 5608 admonet,
1842 5541 1912 5595 ad

307 5613 449 5686 quod
479 5615 712 5671 subinde
743 5615 974 5674 refertur
1001 5616 1256 5669 indicans.

380 5685 452 5758 (ε)
478 5685 585 5742 Sex
613 5701 744 5742 mss.
775 5697 988 5742 orante:
1016 5702 1120 5741 non
1149 5695 1275 5742 sunt
1302 5684 1580 5742 audiendi.

325 5843 352 5851 ,ί
385 5778 462 5850 (f)
495 5779 548 5833 lu
580 5782 724 5851 vulg.
751 5772 851 5834 sint
877 5777 1462 5851 soliti.7Pra.-ferendum
1489 5793 1609 5833 esse
1633 5792 1752 5833 cum
1780 5793 1910 5851 mss.

313 5849 415 5908 sint
442 5849 695 5922 solliciti,
715 5853 907 5912 suadet
932 5850 1063 5912 illud
1090 5851 1233 5925 quod
1260 5851 1562 5925 subjicitur,
1592 5851 1696 5908 oris
1724 5849 1914 5907 sollici-

2016 4703 2170 4774 cujus
2199 4701 2480 4772 prophetia
2502 4700 2631 4756 illud
2661 4716 2802 4756 nunc
2836 4709 3040 4754 tantum
3061 4700 3432 4766 admouemus,
3464 4700 3607 4757 hunc

2015 4807 2070 4855 et
2096 4798 2353 4853 dilectum
2397 4812 2427 4851 a
2457 4797 2568 4851 Deo
2595 4836 2610 4861 ,
2659 4806 2712 4849 et
2755 4795 2807 4848 in
2837 4809 2904 4849 eo
2947 4805 3183 4865 paterna:
3213 4794 3606 4864 beneplacitum

2017 4893 2306 4961 voluntati,
2337 4903 2392 4948 et
2418 4891 2678 4962 Spiritum
2711 4889 2803 4945 Dei
2833 4904 2997 4958 super
3026 4903 3148 4943 eum
3179 4904 3301 4944 esse
3322 4930 3337 4954 ,
3368 4899 3423 4944 et
3449 4889 3516 4943 ab
3543 4903 3611 4944 eo

2013 4988 2276 5062 judicium
2306 4985 2561 5060 gentibus
2587 4982 2820 5040 nuntiari
2846 5024 2860 5050 ,
2891 4991 2946 5039 et
2967 4981 3286 5037 arundinem
3311 4998 3429 5053 qute
3453 4996 3614 5053 quas-

2021 5141 2164 5194 tuda.
2210 5137 2346 5192 Tum
2389 5135 2445 5191 in
2475 5133 2652 5226 .Carn.
2697 5140 2750 5187 et
2788 5129 2940 5187 Colh.
2969 5131 3340 5202 receptiusque,
3371 5144 3476 5186 non
3503 5145 3614 5184 rec-

2018 5222 2325 5355 ιωῗὲἱιιῗίόίιί
2337 5321 2351 5344 ,
2367 5289 2637 5355 curantur.
2656 5276 2680 5329 Ι
2690 5295 2723 5330 n
2739 5291 2897 5329 manu
2915 5276 3048 5329 enim
3064 5273 3410 5342 dandw,etc.,
3425 5287 3611 5328 emeti-

2020 5349 2218 5409 dan't'ur
2247 5367 2309 5404 ex
2345 5349 2641 5420 potioribus
2670 5362 2798 5402 mss.

2092 5423 2170 5494 (It)
2206 5415 2429 5476 Badfet
2458 5419 2549 5494 Er.
2584 5420 2885 5494 imperatur.
2926 5416 3042 5470 Mox
3074 5416 3219 5494 Lips.
3244 5425 3316 5494 Δςξι
3343 5415 3464 5470 Par.
3498 5431 3614 5494 cunt

2004 5487 2194 5567 jitssii,
2236 5508 2332 5567 pro
2369 5507 2484 5545 eum
2517 5491 2695 5567 jussit.
2749 5489 2878 5567 Post
2908 5502 3073 5567 pauca
3092 5488 3157 5567 in
3181 5487 3365 5567 tribus
3390 5502 3525 5567 _m_ss.
3559 5488 3612 5567 in

2017 5557 2356 5621 ministerium
2382 5557 2749 5632 apostolorum.
2806 5559 3028 5614 Rectius
3056 5558 3147 5612 alii
3179 5557 3300 5613 libri
3332 5559 3609 5614 ministerio

2017 5639 2071 5694 in
2102 5636 2260 5691 dandi
2288 5650 2435 5688 casu.

2088 5710 2153 5778 (i)
2187 5707 2339 5777 Apud
2372 5705 2497 5778 Par.
2534 5703 2624 5778 hic
2652 5703 2914 5778 insertum
2945 5711 3058 5763 est,
3099 5700 3610 5778 curationesﬂin‘sab-

2018 5771 2250 5842 bato'ct,
2289 5776 2431 5848 quod
2474 5775 2634 5830 etiam
2677 5784 2858 5848 exstat
2885 5774 2939 5828 in
2975 5789 3106 5829 mss.
3139 5774 3328 5844 Rom.,
3373 5771 3529 5830 Colb.
3556 5781 3613 5830 et

2019 5851 2182 5912 Carn.
2215 5846 2320 5912 sed
2343 5847 2410 5908 ad
2441 5864 2553 5907 rem
2587 5862 2692 5906 non
2725 5846 2933 5906 videtur
2959 5848 3250 5917 pertinere.
