4222 6262
592 330 694 386 987

1787 321 2031 384 SANCTI
2071 317 2330 378 lllLAﬂil
2360 322 2662 380 EPISCOPI

3789 324 3905 380 988

597 454 712 500 sata
744 443 943 500 sitnon
972 458 1093 500 esse
1118 442 1481 509 eonfraclam,
1513 452 1566 498 et
1594 443 1760 498 linum
1792 442 2056 513 fumigans
2085 453 2190 493 non
2219 429 2267 498 Α
2297 439 2396 494 bus
2441 439 2842 512 respondebat,
2896 441 3265 513 responsionis
3311 443 3481 513 ipsius
3529 444 3899 500 conditionem

597 537 922 593 exstinctum
949 555 962 589 :
1001 536 1052 590 id
1078 543 1183 600 est,
1217 535 1415 590 caduca
1447 545 1502 591 et
1530 544 1779 605 quassata
1808 533 2048 604 gentium
2071 547 2193 587 cor-

598 643 728 699 pora
761 643 866 682 non
897 627 1062 682 fuisse
1092 627 1346 691 contrita,
1374 627 1468 681 sed
1494 628 1542 681 in
1564 627 1792 681 salutem
1818 627 1992 696 potius
2017 638 2191 679 reser-

595 727 750 774 vata:
804 733 976 789 neque
1005 720 1356 789 exiguitatem
1402 719 1538 788 ignis
1583 727 1787 773 tantum
1829 717 1938 787 jam
1977 717 2030 772 in
2082 717 2193 770 lino

596 812 906 884 fumigantis
939 814 1256 868 exstinctam
1286 861 1298 873 ,
1357 812 1432 884 (a)
1480 813 1730 881 exiguum
1779 810 1940 866 lsrael
1971 825 2036 864 ex
2065 808 2197 864 reii-

595 906 737 977 quiis
764 905 964 960 veteris
994 906 1180 975 gratiae
1212 905 1456 973 spiritum
1487 920 1590 957 non
1623 905 1891 967 ablatum;
1940 902 2060 971 quia
2110 915 2192 955 re-

595 997 842 1052 sumendi
889 998 1052 1051 totius
1095 996 1312 1050 luminis
1358 997 1409 1050 in
1462 1007 1705 1068 tempore
1756 995 2086 1065 pmnitentia:
2129 993 2198 1048 sit

599 1090 842 1146 facultas.
889 1090 992 1147 Sed
1037 1091 1180 1144 istud
1215 1091 1352 1145 intra
1381 1091 1515 1146 certi
1546 1091 1805 1159 temporis
1832 1097 2027 1143 statuta
2063 1103 2200 1156 pra:—

598 1183 889 1249 scribitur,
939 1184 1098 1237 donec
1147 1197 1263 1236 cum
1305 1183 1480 1256 ejicitit
1523 1182 1788 1236 victoriam
1833 1180 1902 1234 ad
1941 1179 2200 1248 judicium

598 1275 814 1348 (Matth.
841 1269 1073 1346 xn,‘20),
1104 1275 1310 1329 sublata
1339 1275 1547 1330 scilicet
1569 1275 1756 1328 mortis
1778 1271 2203 1344 potestatejodi-

598 1369 738 1422 cium
771 1367 1031 1423 claritatis
1057 1381 1170 1422 sua:
1198 1367 1369 1420 reditu
1404 1365 1728 1434 introducat,
1764 1364 1815 1420 in
1847 1365 2063 1420 nomine
2082 1364 2202 1435 ejus

601 1477 695 1533 per
718 1461 876 1516 iidem
905 1461 1154 1531 gentibus
1177 1461 1481 1516 credituris.

673 1557 759 1612 ll.
792 1555 1113 1610 Darmoniaci
1142 1556 1263 1609 cruci
1293 1565 1340 1608 et
1371 1555 1496 1607 ututi
1517 1553 1739 1618 curatio,
1786 1553 2010 1624 gentium
2037 1553 2200 1606 salus.

600 1680 670 1692 --
697 1649 845 1705 Tunc
875 1647 1071 1702 oblatus
1104 1657 1174 1701 est
1205 1649 1250 1701 ei
1298 1647 1450 1700 homo
1476 1645 1784 1699 dirnronium
1822 1643 2011 1698 habens
2039 1659 2205 1697 creetis

603 1753 648 1798 et
672 1753 841 1797 mutus
869 1785 883 1806 ,
915 1751 971 1798 et
1001 1741 1204 1810 reliqua
1239 1741 1400 1809 (Ibid.
1430 1739 1548 1810 22).
1602 1738 1857 1810 Sequitur
1883 1736 2199 1791 daemoniaci

2295 533 2536 587 retorsit.
2594 533 2702 612 Lex
2731 535 2875 589 enim
2907 549 2936 589 a
2969 531 3080 590 Deo
3109 545 3214 602 est,
3242 537 3474 608 et'regni
3500 535 3658 593 lsrael
3688 538 3903 612 pollici-

2296 624 2426 678 latio
2453 639 2518 679 ex
2549 623 2668 695 lege
2697 635 2799 691 est,
2833 635 2886 682 et
2915 626 3114 682 Christi
3141 639 3292 684 ortus
3320 637 3374 683 et
3400 630 3663 686 adventus
3687 646 3753 686 ex
3777 632 3905 701 lege

2297 725 2398 770 est.
2425 714 2482 771 Si
2515 731 2736 786 regnum
2767 716 2900 789 legis
2927 729 3111 774 contra
3141 733 3200 776 se
3229 719 3502 786 dividitur,
3537 720 3612 791 (b)
3633 721 3904 778 dissolva-

2299 813 2384 860 tur
2411 821 2632 862 necesse
2675 815 2774 862 est.
2828 807 2892 862 Et
2922 818 3158 878 potestas
3202 814 3380 866 omnis
3426 811 3695 868 divisione
3723 812 3909 868 detra-

2304 900 2449 955 hitur
2473 942 2487 965 ,
2538 911 2590 954 et
2622 900 2768 970 regni
2800 900 2970 956 virtus
3009 901 3294 958 adversum
3325 919 3382 959 se
3413 915 3657 974 separata
3705 921 3909 962 consu-
3935 896 3943 900 ’

2301 991 2494 1047 mitur:
2548 1007 2610 1047 ac
2654 993 2732 1047 sic
2777 1008 3002 1065 regnum
3035 993 3197 1052 lsrael
3235 997 3415 1051 amisit
3453 1014 3519 1052 ex
3565 999 3723 1072 iege,
3779 1015 3905 1055 cum

2301 1085 2516 1156 quando
2547 1085 2990 1157 adimpletionem
3042 1087 3178 1158 legis
3223 1087 3274 1144 in
3314 1089 3531 1145 Christo
3573 1089 3723 1162 plebs
3770 1092 3908 1170 legis

2303 1180 2599 1249 impugnet.

2376 1273 2463 1328 ii.
2497 1271 2790 1328 Jerusalem
2807 1273 3087 1329 excidium.
3119 1306 3188 1316 —-
3219 1275 3322 1332 Sed
3353 1285 3401 1333 et
3429 1278 3612 1332 civitas
3642 1288 3689 1334 et
3719 1278 3909 1336 domus

2303 1363 2465 1420 divisa
2492 1378 2670 1420 contra
2693 1383 2766 1431 se,
2800 1383 2901 1422 non
2932 1367 3082 1422 stabit
3111 1368 3131 1440 (
3156 1367 3410 1439 Ibidem).
3455 1369 3658 1425 Domus
3687 1383 3906 1440 quoque

2305 1463 2359 1511 et
2383 1457 2612 1512 civitatis
2639 1457 2825 1513 eadem
2865 1469 2946 1514 est
2975 1460 3114 1514 ratio
3137 1503 3152 1528 ,
3193 1476 3313 1532 qua:
3341 1463 3510 1531 regni.
3569 1461 3673 1518 Sed
3705 1462 3899 1518 civitas

2306 1549 2394 1605 hic
2421 1550 2716 1606 Jerusalem
2745 1551 2816 1622 (ο)
2849 1551 3134 1619 indicatur,
3171 1556 3407 1624 gentium
3435 1570 3650 1625 semper
3670 1556 3908 1627 gloriosa

2306 1642 2606 1698 dominatu.
2642 1642 2794 1698 Nune
2825 1655 3172 1714 posteaquam
3206 1648 3256 1701 in
3311 1648 3595 1703 Dominum
3622 1664 3778 1704 suum
3825 1651 3912 1706 fu—

2311 1754 2435 1793 rore
2469 1738 2638 1810 plebis
2668 1739 2887 1804 exarsit,
2916 1748 2972 1795 et
2991 1741 3266 1810 apostolos
3285 1741 3403 1812 ejus
3424 1757 3543 1797 cum
3567 1743 3902 1800 credentium

603 1847 658 1892 et
698 1836 824 1891 caeci
855 1846 909 1890 et
937 1835 1067 1889 muti
1098 1843 1398 1902 opportuna
1443 1832 1672 1886 curatio.
1727 1830 1844 1885 Non
1892 1829 2036 1883 cnim
2085 1829 2202 1883 sine
2231 1831 2279 1891 B
2309 1831 2476 1885 turbis
2505 1829 2776 1900 effugavit,
2805 1830 3192 1887 discedentium
3217 1832 3362 1887 illinc
3385 1833 3644 1890 divisione
3665 1851 3766 1890 non
3786 1848 3906 1891 sta-

607 1930 836 1991 ratione,
865 1941 986 1980 cum
1007 1927 1192 1980 turbas
1219 1939 1410 1978 omnes
1428 1931 1640 1977 curatas
1658 1923 1709 1977 in
1729 1935 2016 1978 commune
2035 1920 2204 1975 dixis-

607 2028 712 2085 set,
766 2034 906 2074 nunc
945 2019 1282 2073 extrinsecus
1309 2016 1636 2070 daemonium
1692 2014 1894 2068 habens
1924 2029 2102 2069 cereus
2147 2023 2202 2068 et

605 2123 788 2170 mulus
812 2110 1069 2166 offertur:
1120 2121 1176 2165 ut
1206 2110 1324 2164 sine
1355 2108 1702 2177 ambiguitate
1733 2108 1909 2176 aliqua
1940 2107 2080 2160 idem
2124 2105 2204 2161 in-

608 2207 919 2276 telligentia:
949 2203 1086 2259 ordo
1116 2213 1455 2272 sequeretur.
1510 2201 1699 2271 Spicas
1727 2201 1929 2254 vellere
1955 2243 1969 2266 ,
2005 2198 2054 2253 Id
2086 2208 2200 2265 est,

610 2299 855 2354 homines
898 2296 1084 2352 sa:culi
1131 2309 1466 2365 praecerpere
1489 2337 1502 2358 ,
1528 2293 1806 2361 apostolos
1837 2292 2093 2348 Pharismi
2121 2307 2207 2348 ar-

609 2391 871 2462 guebant,
919 2386 1290 2443 misericordia
1334 2383 1498 2457 729
1526 2400 1688 2456 super
1717 2384 2040 2439 sacrificium
2072 2397 2208 2454 prir-

611 2484 894 2540 dicabatur
922 2525 936 2549 ,
988 2495 1178 2536 manus
1208 2480 1372 2534 arida:
1399 2477 1562 2532 homo
1592 2478 1804 2533 oblatus
1856 2479 1907 2532 in
1939 2493 2208 2550 synagoga

611 2579 938 2635 curabatur:
988 2585 1147 2643 atque
1192 2572 1308 2627 haec
1350 2571 1416 2626 ad
1447 2571 1873 2627 convertendum
1907 2570 2068 2625 lsrael
2101 2587 2208 2627 non

615 2673 786 2728 Solum
817 2669 948 2724 nihil
981 2666 1267 2738 proliciunt
1294 2707 1306 2727 .
1337 2681 1522 2720 verum
1558 2668 1718 2718 etiam
1749 2663 2008 2719 Phariszcl
2033 2666 2210 2720 consi-

615 2766 747 2821 ilum
775 2763 922 2817 necis
951 2762 1160 2814 ineunt.
1207 2757 1506 2828 Oportebat
1533 2756 1694 2826 igitur
1719 2797 1732 2820 ,
1779 2763 1836 2810 ut
1867 2765 1986 2826 post
2017 2757 2132 2811 haec
2158 2757 2212 2813 in

616 2856 776 2912 unius
807 2854 965 2923 hujus
998 2851 1167 2906 forma
1195 2850 1439 2921 gentium
1469 2848 1614 2903 salus
1641 2849 1823 2903 fieret:
1871 2856 1928 2902 ut
1976 2849 2066 2917 qui
2097 2857 2215 2904 erat

618 2951 876 3006 habitatio
901 2945 1167 3002 daemonis
1209 2955 1264 2999 et
1300 2959 1476 2998 czecus
1522 2953 1578 2997 et
1623 2951 1840 3007 mutus,
1891 2941 2001 2996 Deo
2047 2957 2215 3011 capax

619 3045 923 3116 pararetur,
951 3048 1004 3094 et
1035 3039 1200 3093 Deum
1227 3043 1577 3092 contineretur
1604 3035 1658 3089 in
1685 3031 1904 3088 Christo
1927 3073 1941 3099 ,
1979 3042 2033 3087 et
2059 3029 2217 3088 Chri~

618 3137 686 3192 sti
716 3149 881 3206 opera
910 3132 1007 3188 Dei
1036 3129 1379 3187 confessione
1421 3125 1683 3181 laudaret.
1732 3125 2068 3194 Stupuerunt
2091 3123 2217 3179 iacti

2308 1923 2418 1976 bit:
2468 1932 2628 1994 atque
2654 1924 2725 1977 ita
2751 1963 2766 1987 ,
2813 1923 2954 1993 quod
2986 1940 3108 1979 mox
3139 1935 3487 1980 consecutum
3519 1935 3596 1981 est
3625 1941 3714 1997 per
3745 1933 3889 1983 hanc

2308 2011 2648 2078 divisionem,
2680 2013 2915 2068 civitatis
2949 2014 3095 2069 illius
3121 2015 3474 2071 denuntiatur
3496 2019 3772 2073 exi-idium.

2383 2106 2471 2161 i5.
2513 2105 2710 2160 Virtute
2735 2107 2908 2161 divina
2938 2105 3196 2162 Christum
3226 2111 3411 2181 ejicere
3445 2113 3721 2166 darmonia.
3747 2143 3818 2153 —-
3850 2114 3914 2169 Si

2309 2200 2442 2254 enim
2481 2208 2690 2252 satanas
2733 2208 2967 2254 satauam
3006 2201 3146 2272 ejicit
3169 2244 3183 2266 ,
3226 2203 3471 2257 adversus
3510 2221 3564 2259 se
3604 2205 3801 2260 diuisus
3843 2215 3919 2260 est

2311 2291 2474 2360 (Ibid.
2505 2291 2620 2362 26).
2656 2292 2789 2346 Dicti
2822 2293 3119 2361 superioris
3146 2295 3608 2362 malevolentiam,
3639 2313 3747 2368 quo
3790 2313 3916 2355 cum

2311 2386 2365 2441 in
2393 2385 2695 2442 Beelzebub
2756 2387 2870 2441 haec
2899 2403 3058 2458 agere
3109 2388 3471 2460 loquebantur
3494 2433 3510 2459 ,
3558 2407 3625 2448 eo
3666 2395 3783 2467 ipso
3812 2409 3921 2464 quo

2312 2479 2474 2534 locuti
2523 2487 2649 2534 sunt
2695 2494 2894 2550 genere
2943 2480 3337 2538 condemnant:
3389 2501 3492 2539 non
3545 2485 3920 2557 intelligentcs

2313 2571 2590 2627 cuiifessos
2616 2588 2673 2627 se
2705 2574 2892 2641 fuisse,
2923 2574 3224 2632 Beelzebub
3265 2592 3386 2634 esse
3415 2577 3644 2635 divisum
3670 2600 3682 2634 :
3712 2592 3765 2635 et
3787 2583 3831 2636 si
3853 2581 3923 2637 ad

2315 2663 2635 2720 divisionem
2667 2679 2818 2720 suam
2851 2675 3071 2722 coactus
3107 2676 3227 2734 est,
3273 2679 3329 2724 ιιι
3377 2670 3590 2726 daemon
3636 2673 3915 2730 dmmones

2319 2758 2664 2826 proturbaret
2688 2798 2703 2823 ,
2735 2769 2788 2812 et
2819 2758 3080 2814 adversus
3106 2775 3167 2815 se
3192 2761 3387 2822 divisio
3412 2761 3524 2832 ipsa
3556 2764 3926 2831 consisteret;

2326 2851 2452 2904 hinc
2473 2864 2689 2919 quoque
2716 2850 3132 2906 existimandum
3165 2867 3309 2916 esse,
3341 2853 3460 2922 plus
3488 2855 3540 2908 in
3572 2869 3640 2910 eo
3667 2858 3760 2926 qui
3790 2858 3928 2912 divi-

2319 2944 2471 3010 serit,
2506 2944 2670 3016 730
2691 2961 2848 3013 quam
2873 2945 2924 2999 in
2955 2947 3038 3001 his
3065 2947 3156 3016 qui
3188 2945 3346 3002 divisi
3378 2948 3507 3014 sint,
3538 2949 3717 3004 inesse
3757 2950 3933 3004 virtu-

2322 3031 2431 3092 tis.'
2466 3038 2613 3106 Ergo
2634 3037 2745 3107 jam
2778 3037 2984 3094 divisus
3011 3050 3092 3092 est
3123 3081 3137 3104 ,
3187 3049 3241 3093 et
3283 3040 3570 3096 adversum
3617 3055 3677 3095 sc
3707 3054 3932 3096 coactus

2322 3139 2407 3186 est
2434 3173 2447 3196 ,
2499 3145 2831 3201 regnumque
2863 3130 2979 3200 ejus
3021 3131 3285 3187 divisione
3315 3132 3409 3188 tali
3453 3142 3536 3189 est
3576 3133 3926 3190 dissolutum.

620 3229 772 3284 istius
803 3240 938 3295 opus
967 3223 1174 3288 turbae;
1219 3219 1316 3276 sed
1346 3219 1744 3275 Pharisazorum
1786 3215 2112 3288 ingravescit
2139 3217 2220 3270 in-
2247 3214 2293 3277 C
2325 3221 2478 3290 Quod
2519 3221 2562 3274 si
2591 3221 2640 3275 in
2674 3223 2872 3275 virtute
2919 3222 3221 3277 Beelzebub
3248 3223 3494 3279 Christus
3522 3224 3800 3280 darmones
3828 3228 3928 3295 eji-

621 3321 782 3375 vitiia.
815 3317 946 3372 Nam
963 3315 1085 3386 quia
1107 3317 1394 3368 humanam
1415 3311 1782 3366 inﬁrmitatem
1807 3309 1922 3364 haec
1940 3317 2085 3363 tanta
2103 3308 2220 3378 ejus

622 3427 788 3482 Opera
825 3409 1170 3472 excederent,
1202 3405 1457 3476 pudorem
1491 3402 1848 3458 confessionis
1874 3417 1986 3457 sua:
2017 3404 2223 3470 majore

625 3503 862 3577 perﬁdia:
903 3501 1114 3556 scelere
1140 3498 1444 3553 declinant:
1496 3506 1555 3549 ιιι
1598 3497 1720 3566 quia
1763 3493 1879 3550 haec
1905 3507 2068 3563 opera
2100 3509 2225 3550 esse

625 3597 932 3653 existimare
964 3590 1196 3646 hominis
1229 3605 1334 3643 non
1382 3597 1597 3658 possent
1624 3627 1637 3649 ,
1691 3586 1938 3640 conﬁteri
1970 3587 2061 3641 Dei
2109 3586 2227 3640 nol-

627 3691 737 3746 lent
765 3729 779 3754 ,
825 3697 1152 3753 omnemque
1197 3680 1339 3734 hanc
1381 3679 1500 3749 ejus
1529 3695 1594 3734 es
1625 3677 1928 3733 Beelzebub
1983 3677 2226 3748 principe

627 3782 932 3838 dannonum
985 3791 1108 3834 esse
1161 3773 1407 3832 dicerent
1463 3773 1518 3828 in
1581 3772 1859 3828 daztnunas
1904 3781 2226 3842 potestatem

632 3872 795 3944 (Ibid.
825 3871 944 3942 24).

704 3966 794 4021 η.
844 3965 1028 4020 Sermo
1070 3963 1168 4018 Dei
1195 3977 1348 4033 quam
1376 3960 1535 4014 dives.
1566 3988 1636 3999 —
1663 3956 1818 4012 Jesus
1853 3967 2022 4012 autent
2067 3960 2232 4014 sciens

633 4061 963 4133 cogitationes
992 4073 1167 4113 eorum
1205 4057 1338 4110 dixit
1363 4055 1469 4109 illis
1506 4069 1524 4108 :
1556 4053 1718 4108 Omne
1750 4069 1964 4126 regnum
2013 4053 2234 4108 diuisum

635 4164 817 4207 contra
843 4169 895 4206 se
915 4151 1231 4205 desolabitur
1253 4147 1415 4222 (Ibid.
1441 4145 1560 4218 25).
1600 4147 1792 4202 Sermo
1824 4146 1917 4202 Dei
1945 4145 2098 4200 dives
2126 4155 2230 4213 est,

639 4254 691 4300 et
723 4244 789 4298 ad
815 4253 1190 4313 argumentum
1235 4242 1438 4309 positus
1486 4238 1854 4306 intelligentia:
1881 4278 1897 4300 ,
1936 4237 2233 4306 plurimam

638 4335 707 4390 de
737 4349 795 4388 se
821 4333 1192 4402 exemplorum
1217 4332 1426 4400 copiam
1455 4329 1654 4400 praebet
1679 4346 1692 4382 :
1721 4337 1776 4383 et
1805 4329 1884 4382 vel
1917 4327 2236 4398 simpliciter

640 4425 966 4488 intellectus,
1001 4424 1086 4479 vel
1121 4425 1394 4494 inspectus
1424 4423 1669 4488 interius,
1698 4423 1763 4476 ad
1783 4436 2000 4478 omnem
2025 4425 2236 4493 profec-

641 4528 749 4573 tum
775 4527 861 4573 est
887 4515 1244 4572 necessarius.
1274 4516 1380 4572 Sed
1407 4515 1606 4570 relictis
1628 4513 1736 4579 his,
1764 4530 1884 4584 quae
1903 4515 1970 4570 ad
1988 4530 2234 4571 commu-

2326 3311 2419 3374 cit,
2451 3311 2545 3364 lilii
2577 3326 2787 3376 eorum,
2822 3311 2872 3365 id
2909 3321 2990 3366 est
3018 3315 3246 3383 apostoli
3274 3358 3288 3380 ,
3323 3315 3374 3368 in
3402 3316 3555 3386 cujus
3583 3319 3799 3371 nomine
3824 3318 3929 3385 eji-

2325 3404 2473 3458 ciunt
2495 3403 2658 3475 (ibid.
2681 3404 2815 3472 27)?
2839 3407 3013 3475 Atque
3043 3407 3244 3462 idcirco
3279 3408 3441 3479 digne
3473 3419 3597 3464 sunt
3637 3409 3688 3463 in
3720 3423 3816 3463 eos
3839 3411 3934 3480 ju-

2328 3495 2476 3550 dices
2505 3497 2807 3561 Constituti,
2840 3497 3038 3568 quibus
3070 3498 3121 3552 id
3149 3499 3365 3555 dedisse
3393 3501 3638 3555 Christus
3663 3500 3930 3557 adversus

2329 3587 2603 3643 daemones
2630 3590 2913 3659 potestatis
2944 3592 3268 3660 reperietur,
3297 3591 3438 3663 quod
3469 3594 3586 3664 ipse
3614 3593 3682 3649 sit
3698 3603 3932 3664 negatus

2331 3679 2599 3736 habuisse.
2653 3682 2795 3752 Ergo
2821 3683 2864 3738 si
2899 3682 3149 3752 discipuli
3177 3693 3472 3755 operantur
3501 3688 3552 3740 in
3578 3685 3831 3750 Christo,
3880 3694 3937 3743 ct

2330 3787 2396 3830 ex
2426 3772 2508 3845 (d)
2535 3773 2736 3843 Spiritu
2767 3775 2859 3830 Dei
2891 3773 3139 3830 Christus
3169 3789 3454 3846 operatur;
3489 3780 3643 3834 adest
3671 3781 3764 3834 Dei
3806 3796 3934 3850 reg-

2333 3882 2484 3930 num,
2507 3867 2614 3936 jam
2639 3867 2691 3921 in
2721 3869 3010 3938 Apostoios
3031 3870 3346 3925 mediatoris
3367 3871 3548 3927 officio
3570 3872 3930 3927 transfusum.

2335 3958 2442 4014 Sed
2486 3975 2606 4013 cum
2656 3973 2753 4030 per
2801 3960 3102 4015 Beelzebub
3148 3976 3307 4032 posse
3357 3961 3604 4018 Christus
3653 3965 3956 4033 arguitur;-

2339 4052 2479 4108 Deus
2523 4052 2925 4122 blasphematur
2954 4053 3006 4107 in
3037 4050 3287 4108 Christo:
3333 4063 3492 4123 atque
3537 4056 3606 4110 ita
3661 4057 3712 4110 in
3762 4056 3936 4111 Deum

2338 4144 2676 4223 inexpiabilis
2724 4145 2950 4200 convicii
3002 4145 3326 4200 contumelia
3379 4159 3477 4217 per
3519 4145 3818 4218 Pharismos
3871 4149 3935 4202 in

2338 4239 2640 4293 Beelzebub
2662 4238 2877 4294 nomine
2893 4248 3258 4310 comparatur.

2411 4330 2499 4384 ili.
2537 4330 2804 4395 Quomodo
2828 4341 2988 4403 potest
3013 4333 3206 4388 intrare
3231 4336 3345 4406 quis
3373 4335 3427 4389 in
3452 4335 3658 4390 domum
3686 4335 3860 4409 fortis,
3889 4343 3942 4392 et

2339 4437 2458 4476 vasa
2489 4427 2600 4496 ejus
2627 4424 2894 4494 diripere?
2931 4433 2981 4480 et
3009 4427 3214 4496 reliqua
3241 4425 3409 4496 (Ibid.
3434 4427 3550 4498 Ξει).
3580 4425 3877 4482 Contusam
3909 4443 3941 4481 τι

2338 4533 2398 4574 se
2428 4521 2480 4573 in
2515 4518 2807 4574 tentatione
2831 4520 3004 4589 prima
3034 4535 3246 4575 omnem
3301 4520 3503 4576 diaboli
3554 4521 3752 4576 indicat
3783 4531 3941 4590 pote—

642 4625 764 4668 nem
791 4609 1198 4680 intelligentiam
1229 4616 1434 4679 patent,
1463 4605 1645 4663 causis
1677 4607 2021 4664 interioribus
2045 4609 2239 4665 immo—
2263 4605 2318 4666 D
2344 4621 2537 4666 statera
2565 4653 2580 4677 ,
2630 4612 2754 4682 quia
2795 4625 2954 4666 nemo
2999 4611 3216 4666 domum
3249 4613 3407 4667 fortis
3439 4613 3671 4669 introeat
3715 4615 3945 4685 ejusque

641 4721 843 4760 remr.

713 4797 800 4852 15.
838 4795 1146 4851 Praedia-itur
1172 4797 1317 4869 regni
1362 4793 1530 4850 Israel
1560 4800 1790 4869 jactura.
1825 4827 1893 4837 —
1919 4796 2083 4852 Omne
2119 4813 2237 4871 reg-

646 4906 769 4944 num
809 4889 1031 4943 divisum
1061 4898 1239 4942 contra
1267 4903 1322 4942 se
1363 4887 1695 4943 desolabitur.
1742 4889 2122 4959 BeSponsurus
2169 4891 2236 4946 ad

643 4981 694 5037 id
722 4980 865 5053 quod
892 4981 961 5037 de
989 4979 1291 5036 Beelzebub
1317 4991 1434 5036 erat
1458 4981 1682 5048 dictum,
1713 4982 1765 5036 in
1797 4996 1890 5036 eos
1913 4982 2082 5052 ipsos,
2113 4984 2236 5052 qui-

719 5186 798 5260 (a)
831 5185 972 5240 Edili
991 5227 1006 5252 ,
1035 5203 1097 5241 ea:
1123 5187 1250 5260 Sion
1274 5186 1448 5260 Israel
1470 5198 1517 5242 et
1541 5203 1606 5242 ea:
1625 5187 1886 5259 reliquiis;
1916 5189 2248 5257 castigantur

647 5258 970 5329 ex’quatuur
1015 5273 1144 5312 mss.
1193 5258 1283 5313 ubi
1316 5259 1666 5326 exiguitatem
1698 5258 1838 5328 ignis
1870 5276 1977 5316 non
2007 5261 2246 5316 exstinc-

650 5327 769 5384 tam'
799 5327 1035 5402 Hilarius
1067 5330 1452 5400 interpretatur
1480 5327 1736 5401 exiguum
1774 5331 1961 5402 gratiae
1992 5331 2244 5401 spiritum

648 5402 811 5458 lsrael
842 5416 946 5454 non
979 5400 1241 5456 ablatum.

725 5471 799 5545 (b)
841 5470 1096 5545 Potiores
1126 5488 1258 5528 mss.
1293 5473 1609 5545 desolabitur
1639 5490 1837 5528 necesse
1863 5484 1971 5529 est:
1999 5472 2250 5545 forsitan

652 5542 938 5614 sincerius.
991 5542 1159 5613 llujus
1182 5544 1325 5600 uiodi
1353 5546 1624 5600 locutione
1665 5545 1775 5614 jam
1805 5547 1857 5600 in
1892 5544 2031 5600 l’sal.
2062 5559 2248 5609 csvttt,

657 5634 710 5670 ιι.
743 5617 773 5669 7
804 5655 818 5678 ,
877 5613 1104 5682 legimus
1130 5658 1143 5678 ,
1190 5633 1390 5671 necesse
1424 5627 1497 5670 est
1546 5613 1798 5670 credenda
1840 5626 1946 5671 est:
1995 5625 2051 5670 et
2077 5616 2163 5669 ubi
2197 5617 2250 5668 iu

666 5688 808 5742 Psal.
829 5699 978 5745 cxxt.
1004 5700 1060 5740 ιι.
1087 5688 1139 5751 l,
1169 5697 1349 5744 exstat
1371 5690 1680 5758 proclamari
1703 5704 1904 5744 necesse
1923 5698 2016 5754 est,
2039 5688 2095 5742 in
2120 5699 2251 5741 mss.

675 5758 905 5826 habetur
932 5758 1266 5826 proclamabit
1284 5777 1486 5815 necesse
1509 5770 1605 5816 est.

751 5825 824 5896 (ε)
876 5824 941 5878 Ιιι
982 5827 1190 5899 aliquot
1229 5845 1361 5888 mss.
1407 5832 1612 5889 dicitur.
1663 5830 1786 5919 Mox
1831 5831 1888 5888 in
1926 5827 2262 5888 Beccensiet

2347 4717 2470 4758 vasa
2503 4702 2745 4772 diripiat,
2777 4703 2875 4757 nisi
2906 4703 3097 4758 fortem
3127 4703 3444 4772 alligaverit,
3472 4715 3527 4760 et
3553 4716 3680 4760 tunc
3717 4705 3944 4760 domum

2345 4795 2461 4865 ejus
2487 4793 2738 4864 diripict:
2773 4805 2826 4848 et
2851 4809 3074 4850 necesse
3103 4805 3186 4850 est
3215 4795 3331 4851 haec
3359 4811 3524 4867 agens
3554 4798 3646 4850 illo
3685 4796 3828 4852 forte
3875 4801 3948 4853 sit

2345 4887 2556 4944 fortior.
2589 4887 2812 4958 Ligatus
2837 4896 2921 4943 est
2945 4903 3074 4959 ergo
3104 4900 3237 4956 tum,
3263 4905 3384 4944 cum
3409 4899 3628 4944 satanas
3657 4905 3684 4943 a
3713 4890 3950 4946 Domino

2345 4991 2722 5054 nuncupatus,
2777 4982 2893 5053 ipsa
2935 4983 3188 5053 nequitia:
3233 4997 3347 5036 sua:
3387 4984 3785 5054 nuncupatione
3813 4997 3951 5039 eon-

2351 5187 2508 5261 Bom.
2557 5189 2698 5261 plebs
2743 5190 2958 5246 exarsit.
3008 5185 3250 5244 Verbum
3297 5184 3489 5242 exarsit
3529 5184 3599 5240 ad
3638 5183 3953 5244 JeruSalem

2351 5259 2695 5315 referendum
2729 5270 2833 5315 est.

2426 5330 2503 5404 (d)
2531 5327 2863 5404 Vocabulum
2898 5328 3127 5404 Spiritus
3162 5337 3406 5382 naturam
3434 5326 3673 5404 divinam
3697 5344 3871 5404 ,_qt_t:c
3901 5328 3957 5384 in

2352 5399 2574 5458 Christo
2605 5403 2864 5474 operibus
2891 5399 3300 5474 maniiesmtur,
3333 5414 3440 5474 non
3470 5399 3960 5474 t_ertiam__'[rinita-

2357 5475 2423 5530 lis
2443 5470 2726 5542 personam
2751 5473 2990 5527 denmat.
3020 5471 3111 5528 Sic
3131 5472 3273 5525 enim
3299 5471 3657 5542 ratiocinatur
3681 5470 3920 5526 llilarius
3939 5488 3956 5523 :

2359 5547 2414 5602 Si
2441 5541 2583 5600 Deus
2609 5552 2690 5599 est
2713 5546 2765 5598 in
2792 5541 3033 5607 Christo,
3065 5551 3120 5596 ut
3143 5543 3397 5598 evincunt
3427 5541 3606 5595 divina
3637 5542 3806 5610 ipsius
3827 5556 3961 5610 ope-

2364 5633 2445 5682 ra,
2474 5616 2720 5672 Christus
2746 5627 2922 5669 autem
2956 5617 3007 5686 in
3041 5613 3527 5686 apostolisvirtute
3551 5613 3692 5686 illius
3723 5628 3962 5680 operan-

2366 5689 2540 5754 tibus;
2585 5689 2696 5759 jam
2729 5688 2783 5743 in
2823 5700 2918 5742 eos
2951 5684 3170 5742 Christo
3199 5684 3472 5742 mediante
3502 5685 3832 5741 transfusum
3876 5692 3963 5741 est

2364 5775 2587 5832 regnum
2618 5759 2731 5819 Dei.
