4222 6262
292 293 405 348 98')

1200 287 1742 346 COMMENTARIUS
1784 290 1847 345 IN
1887 291 2318 349 IIAT'I‘lIA‘IUM.
2359 292 2512 349 CAP.
2554 295 2668 350 XII.

3487 299 3594 356 990

300 407 524 462 strictus
547 412 633 459 est
661 406 679 478 (
706 404 901 459 Matth.
938 421 985 460 ιν
1011 447 1024 469 ,
1058 405 1166 477 10)
1197 424 1209 460 :
1257 407 1342 461 cui
1386 408 1459 462 ita
1494 409 1678 463 vincto
1718 409 1890 478 spolia
1919 411 1974 472 Α
2002 411 2215 485 (Matth.
2251 429 2348 480 xu,
2378 412 2493 486 55).
2526 413 2718 470 Sermo
2745 429 2805 470 se
2825 423 2879 469 et
2906 414 2957 470 in
2996 430 3235 486 pra-sens
3262 418 3461 472 exserit
3489 460 3502 484 ,
3537 428 3593 475 et

299 499 569 566 detraxit,
603 507 658 554 et
688 499 903 554 domum
933 499 1195 569 abstulit,
1233 515 1332 555 nos
1367 502 1578 557 scilicet
1618 503 1889 572 quondam

295 609 444 650 arma
475 593 594 665 ejus
623 635 642 659 ,
671 594 929 664 regnique
971 593 1218 648 militiam
1253 596 1306 649 in
1337 595 1426 664 jus
1455 609 1610 651 suum
1640 597 1849 667 redegit
1871 640 1886 663 ,

295 689 552 759 victoque
580 698 740 758 atque
771 687 950 742 vincto
978 686 1197 742 domum
1237 687 1343 743 sibi
1382 704 1451 744 ex
1483 689 1639 744 nobis
1665 704 1889 745 vacuam

298 790 354 838 ct
379 783 559 835 utilem
585 779 935 848 comparavit.
966 777 1152 849 Longe
1174 787 1355 834 autem
1385 795 1415 834 a
1441 794 1501 834 se
1523 794 1668 847 esse,
1712 791 1767 834 ut
1793 781 1890 836 aii-

297 875 425 947 quid
465 876 536 930 ab
580 889 646 928 eo
673 881 950 927 mutuatus
973 873 1043 928 sit
1071 873 1352 943 potestatis
1381 873 1648 930 ostendit:
1678 873 1891 945 quando

295 972 384 1043 qui
411 987 594 1026 secum
627 985 736 1026 non
762 979 846 1026 est
874 1011 888 1034 ,
936 970 1223 1026 adversum
1263 987 1324 1028 se
1351 972 1452 1036 sit;
1503 984 1557 1026 et
1585 973 1676 1043 qui
1707 987 1888 1027 secum

296 1080 404 1119 non
429 1073 740 1134 congregat,
774 1062 1055 1133 diSpergat
1083 1061 1102 1135 (
1129 1061 1318 1116 Matth.
1349 1078 1458 1130 xu,
1488 1063 1558 1118 50
1581 1062 1621 1133 ).
1672 1063 1748 1118 Ex
1778 1079 1886 1135 quo

293 1156 527 1226 ingentis
553 1154 774 1224 periculi
805 1170 892 1209 res
923 1154 1258 1225 intelligitur,
1294 1155 1431 1210 male
1459 1156 1526 1209 de
1553 1170 1620 1210 eo
1651 1156 1886 1224 opinari,

293 1265 420 1305 cum
442 1264 548 1320 quo
575 1265 682 1304 non
705 1263 851 1317 esse,
887 1249 1118 1320 idipsum
1167 1257 1251 1304 est
1278 1249 1419 1320 quod
1444 1259 1632 1304 contra
1651 1264 1808 1306 esse:
1837 1259 1891 1306 et

292 1359 404 1398 non
435 1357 784 1413 congregare,
814 1342 1125 1412 dispergere
1153 1341 1241 1396 sit.

367 1437 456 1490 17.
485 1433 816 1500 Blasphemia
840 1434 1095 1503 Spiritus,
1120 1448 1303 1505 negare
1325 1432 1526 1488 Christo
1549 1434 1884 1502 divinitatem,

292 1544 446 1592 quam
476 1525 712 1596 operibus
754 1525 945 1594 prodit.
983 1555 1054 1565 —
1084 1523 1245 1580 Omne
1279 1537 1543 1596 peccatum
1579 1535 1625 1579 et
1649 1524 1887 1590 blasphe-

293 1621 399 1675 mia
429 1621 715 1673 remittetur
733 1617 1058 1684 hominibus;
1087 1617 1316 1688 Spiritus
1343 1628 1514 1672 autent
1542 1621 1620 1690 (tt)
1653 1618 1888 1688 blasphe-

293 1713 395 1766 mia
417 1728 518 1766 non
536 1712 822 1766 remittetur
852 1708 1015 1782 (Ibid.
1049 1708 1163 1782 51).
1219 1709 1613 1767 ΡΙιεηίεωυιίιιη
1665 1721 1886 1768 senten-

1995 504 2152 562 eil’ert
2178 506 2230 561 ln
2265 507 2526 564 futurum.
2573 507 2705 562 Nam
2739 508 2791 561 in
2827 521 3063 577 praesens
3089 508 3307 564 intimos
3354 509 3592 578 refellit,

1997 599 2086 667 qui
2117 614 2240 653 cum
2285 600 2642 670 intelligerent
2675 599 2872 655 Christi
2901 616 3063 670 opera
3113 602 3252 656 ultra
3299 603 3588 659 humanam

1997 705 2118 746 esse
2147 692 2423 759 virtutem,
2454 693 2658 748 nollent
2693 703 2868 748 tamen
2897 695 3036 764 quod
3070 695 3160 749 Dei
3185 697 3289 749 sint
3319 698 3586 753 confiteri.

1995 783 2066 839 ltr
2084 783 2320 840 futurum
2351 800 2481 839 vero
2510 800 2724 841 omnem
2753 787 2872 840 lidei
2896 787 3300 856 perversitatem
3322 791 3587 859 coarguit,

1993 890 2182 932 eorum
2209 877 2439 942 scilicet,
2470 877 2558 948 qui
2593 877 2668 948 (ἀ)
2697 877 3029 932 divinitatem
3072 889 3126 932 et
3152 880 3588 936 communionem

1997 979 2235 1039 paterna:
2267 970 2580 1024 substantia:
2612 969 2840 1024 Domino
2869 970 3217 1026 detrahentes
3245 1011 3260 1033 ,
3294 971 3346 1024 in
3374 971 3585 1028 diversa

1995 1063 2266 1120 haereseos
2292 1063 2470 1119 studia
2490 1064 2886 1120 ell'erbuerunt:
2912 1077 3160 1121 neutrum
3187 1064 3464 1132 facientes,
3491 1080 3589 1122 nec

1995 1161 2138 1216 Inter
2159 1171 2350 1232 gentes
2377 1161 2479 1216 sub
2501 1162 2654 1217 venia
2684 1163 3039 1232 ignorationis
3060 1163 3382 1228 habitantes,
3413 1177 3511 1218 nec
3535 1164 3584 1218 in

1993 1256 2233 1311 veritatis
2253 1257 2560 1325 cognitione
2583 1262 2881 1311 versantes.
2916 1255 3180 1310 Arborem
3204 1270 3262 1310 se
3287 1256 3337 1310 in
3362 1270 3589 1326 corpore

1994 1349 2230 1419 positum
2263 1348 2559 1418 significat:
2607 1349 2728 1419 quia
2758 1363 2852 1418 per
2879 1348 3188 1402 interiorem
3220 1346 3433 1402 virtutis
3477 1361 3587 1400 sum

1993 1441 2374 1498 fecunditatem
2423 1452 2579 1498 exeat
2609 1442 2825 1497 ubertas
2850 1441 3026 1496 omnis
3057 1441 3107 1495 in
3137 1439 3366 1495 fructus.
3424 1440 3589 1511 igitur

1992 1545 2087 1590 aut
2116 1535 2278 1591 arbor
2324 1536 2461 1590 bona
2517 1535 2754 1590 iacienda
2785 1550 2904 1589 cum
2953 1533 3110 1588 bouis
3155 1533 3414 1588 fruetibus
3461 1541 3586 1598 est,

1991 1639 2079 1682 aut
2111 1629 2249 1683 uiala
2274 1628 2650 1683 constituenda
2682 1642 2802 1681 cum
2835 1627 2989 1680 malis
3020 1624 3314 1684 fructibus:
3365 1623 3489 1692 quia
3521 1639 3586 1678 ex

1991 1720 2256 1775 fructibus
2287 1719 2400 1776 suis
2428 1720 2494 1775 de
2513 1735 2575 1776 se
2601 1719 2765 1773 arbor
2799 1720 2908 1790 ipsa
2941 1718 3252 1772 testabitur:
3305 1730 3410 1770 non
3440 1717 3581 1785 quod

293 1807 422 1862 tiam
447 1847 463 1872 ,
501 1815 556 1861 et
589 1821 776 1860 eorum
806 1805 895 1875 qui
927 1806 996 1858 ita
1027 1820 1148 1860 cum
1179 1805 1262 1860 his
1290 1807 1530 1862 sentiunt
1560 1809 1884 1878 perversita-

1994 1815 2285 1870 secundum
2316 1815 2569 1868 arborum
2605 1823 2848 1866 naturam
2880 1813 3042 1865 arbor
3073 1809 3210 1864 mala
3257 1809 3424 1878 possit
3450 1822 3584 1861 con-

293 1909 400 1955 tem
431 1899 774 1954 severissima
805 1898 1124 1953 deﬁnitione
1150 1899 1506 1965 condemnat;
1543 1911 1886 1970 peccatorum

289 1993 526 2048 omnium
560 1993 767 2048 veniam
795 1993 1118 2069 promittens
1143 2033 1158 2059 ,
1188 2004 1241 2047 et
1271 1993 1624 2064 blasphemia:
1657 1995 1890 2064 Spiritus

289 2085 676 2156 indulgentiam
704 2084 977 2156 abnegans
1007 2083 1169 2156 (Ibid.
1197 2085 1312 2158 32).
1364 2085 1500 2141 Nam
1539 2103 1662 2142 cum
1692 2097 1888 2142 cmteia

285 2175 434 2232 dieta
460 2188 716 2247 gestaque
736 2177 944 2232 liberali
966 2179 1122 2232 venia
1144 2179 1473 2245 relaxentur,
1502 2189 1649 2235 caret
1671 2180 1886 2236 miseri-

289 2270 479 2327 cordia
505 2311 520 2335 ,
565 2270 610 2324 si
645 2269 782 2324 Deus
809 2281 1033 2341 negetur
1060 2270 1113 2324 in
1146 2270 1382 2326 Christo.
1440 2271 1508 2327 Et
1539 2273 1590 2326 in
1635 2288 1744 2343 quo
1770 2275 1890 2330 sine

289 2363 449 2417 venia
482 2361 558 2433 (b)
593 2371 846 2431 peccatur
872 2403 886 2426 ,
937 2363 1363 2418 benevolentiam
1405 2364 1610 2420 iterata:
1639 2366 1887 2420 admoni-

288 2457 451 2512 tionis
480 2455 769 2526 impendit:
820 2456 1044 2510 omnino
1090 2467 1311 2526 peccata
1360 2457 1619 2527 cujusque
1664 2460 1882 2528 generis

288 2551 632 2617 remittenda,
661 2550 1054 2622 blasphemiam
1083 2553 1135 2606 in
1169 2552 1428 2622 Spiritum
1451 2554 1611 2626 731
1639 2566 1884 2611 sanciunt

289 2659 398 2699 non
431 2643 833 2698 remittendam.
866 2643 1004 2712 Quid
1034 2644 1176 2700 enim
1207 2655 1313 2701 tam
1345 2654 1494 2702 extra
1524 2649 1732 2702 veniam
1775 2658 1884 2715 est,

291 2750 452 2806 quam
486 2736 563 2805 (c)
613 2735 666 2790 in
693 2734 909 2790 Christo
935 2751 1129 2807 negare
1159 2737 1302 2806 quod
1334 2738 1475 2793 Deus
1517 2739 1627 2806 sit,
1672 2751 1726 2794 et
1754 2755 1887 2796 con-

290 2830 572 2885 sistentem
597 2831 649 2885 in
666 2846 729 2884 eo
747 2831 955 2900 paterni
977 2831 1211 2901 Spiritus
1233 2831 1589 2887 substantiam
1610 2833 1848 2890 adimere
1871 2855 1885 2891 :

292 2940 416 2980 cum
449 2926 500 2979 in
531 2926 734 2994 Spiritu
765 2926 853 2980 Dei
881 2939 1015 2994 opus
1041 2940 1202 2980 omne
1244 2935 1585 2982 consummet
1609 2967 1624 2993 ,
1674 2937 1730 2983 et
1771 2929 1888 2999 ipse

291 3017 366 3072 sit
396 3031 618 3086 regnum
650 3017 913 3072 etnlorum
939 3055 953 3080 ,
992 3025 1046 3070 et
1077 3016 1127 3070 in
1155 3032 1222 3071 eo
1256 3017 1401 3072 Deus
1425 3020 1494 3072 sit
1521 3017 1775 3073 mundum
1805 3035 1890 3076 re-

293 3108 591 3164 concilians
619 3109 721 3164 sibi
754 3107 817 3183 (ll
850 3107 969 3164 Cor.
1005 3125 1057 3174 v,
1093 3109 1183 3181 19)
1203 3109 1227 3162 ‘t
1251 3109 1392 3181 Ergo
1417 3111 1674 3182 quidquid
1700 3122 1889 3168 centu-

1992 1909 2141 1964 stitui
2170 1922 2292 1978 qum
2324 1907 2461 1962 bona
2495 1909 2567 1962 sit
2595 1947 2609 1972 ,
2651 1915 2744 1960 aut
2773 1905 2960 1960 eadem
2987 1905 3098 1972 ipsa
3130 1918 3251 1957 cum
3285 1901 3450 1956 ramis
3475 1903 3586 1956 suis

1993 2001 2132 2056 bona
2161 2013 2283 2054 esse
2307 1999 2351 2054 si
2381 1999 2521 2054 mala
2549 1998 2650 2062 sit;
2680 1997 2773 2052 sed
2808 2005 2862 2050 ut
2895 2011 2989 2066 per
3013 1997 3150 2049 hanc
3176 1993 3584 2064 signiﬁcantium

1993 2091 2418 2161 intelligeremus
2444 2133 2459 2158 ,
2491 2090 2765 2145 Christum
2798 2097 2889 2142 aut
2915 2097 3184 2156 tamquam
3223 2087 3464 2140 inutilem
3496 2101 3583 2140 rc-

1993 2183 2384 2254 linquendum,
2436 2192 2529 2236 attt
2575 2191 2844 2252 tamquam
2899 2179 3096 2234 bonum
3141 2179 3402 2232 bonorum
3451 2177 3588 2233 fruc-

1993 2287 2142 2333 tuum
2194 2277 2424 2332 utilitate
2469 2275 2843 2332 retinendum:
2900 2275 3023 2345 quia
3078 2274 3362 2329 adversum
3419 2275 3582 2328 lilium

1992 2369 2228 2424 hominis
2255 2369 2393 2423 dicta
2425 2369 2525 2424 sub
2555 2367 2708 2423 venia
2739 2368 2868 2431 sint,
2900 2366 3227 2436 blasphemia
3258 2375 3435 2421 autem
3464 2367 3585 2436 Spi-

1992 2465 2128 2518 ritus
2168 2470 2353 2518 careat
2395 2461 2574 2515 veuia.
2622 2458 2888 2515 Caeterum
2932 2459 3164 2514 medium
3201 2471 3260 2513 se
3287 2473 3446 2530 agere
3471 2500 3484 2526 ,
3532 2466 3587 2513 et

1991 2554 2207 2610 Christo
2233 2555 2413 2623 aliqua
2445 2551 2659 2607 deferre
2686 2594 2700 2618 ,
2746 2566 2944 2622 negare
2987 2565 3105 2622 qua:
3149 2551 3380 2604 maxima
3424 2558 3578 2616 sunt;

1991 2646 2239 2702 venerari
2260 2656 2536 2718 tamquam
2567 2646 2757 2710 Deutn,
2790 2641 2882 2700 Dei
2902 2644 3278 2699 communione
3309 2644 3543 2713 spoliare
3565 2686 3580 2709 ,

1992 2739 2110 2794 haec
2135 2740 2472 2810 blasphemia
2498 2739 2726 2810 Spiritus
2765 2747 2876 2792 est:
2914 2748 2970 2792 ut
3003 2752 3124 2792 cum
3154 2751 3248 2806 per
3273 2735 3583 2790 admiratio-

1993 2848 2114 2888 nem
2145 2847 2368 2903 operum
2394 2840 2664 2886 tantorum
2700 2830 2792 2886 Dei
2824 2844 3020 2885 nomen
3051 2828 3336 2884 detrahere
3363 2843 3468 2883 non
3490 2845 3586 2882 au-

1992 2926 2151 2990 deas;
2184 2941 2278 2995 per
2299 2925 2732 2980 malevolentiam
2763 2923 2956 2978 mentis
2992 2929 3047 2977 et
3071 2935 3284 2989 sensus,
3310 2922 3588 2992 generosi-

1993 3027 2155 3074 tatem
2182 3017 2299 3088 ejus
2325 3055 2340 3084 ,
2369 3032 2528 3088 quam
2557 3016 2801 3071 contiteri
2833 3032 2890 3071 es
2917 3025 3136 3071 coactus
3162 3015 3236 3086 (e)
3268 3017 3319 3070 in
3348 3015 3583 3080 nomine,

1993 3110 2250 3181 almegata
2284 3120 2523 3180 paterna:
2547 3108 2862 3164 substantiae
2889 3107 3268 3162 communione
3293 3107 3583 3177 decerpas.

295 3201 469 3258 meiia:
513 3203 781 3258 exstiterit
830 3202 884 3256 in
930 3200 1188 3268 Christo,
1241 3201 1294 3256 id
1346 3218 1507 3256 omne
1554 3204 1787 3259 exstabit
1836 3207 1888 3261 in
1919 3198 1963 3260 C
1995 3207 2170 3275 Atque
2201 3205 2324 3260 ideo
2366 3205 2526 3260 etiam
2556 3204 2607 3258 in
2641 3221 2706 3260 eo
2737 3205 2992 3258 Dominus
3021 3203 3273 3258 bonitatis
3314 3218 3424 3257 sua:
3469 3217 3586 3256 mu-

297 3294 441 3350 Deo:
489 3295 612 3365 quia
658 3304 713 3350 et
747 3294 802 3348 in
845 3293 1063 3350 Christo
1095 3295 1236 3356 Deus
1263 3336 1278 3361 ,
1314 3305 1368 3350 et
1395 3293 1642 3351 Christus
1692 3298 1743 3352 in
1778 3298 1889 3354 Deo

373 3481 458 3535 l8.
487 3479 674 3534 Contra
693 3478 908 3534 Iudaeos
937 3489 984 3534 et
1012 3479 1256 3534 Arianos.
1292 3479 1551 3536 Christum
1571 3483 1660 3553 qui
1690 3483 1884 3552 colunt,

296 3574 387 3629 sed
415 3572 579 3628 Deum
609 3583 812 3644 negant,
847 3576 1043 3646 pejores
1069 3585 1362 3645 suntquam
1394 3577 1482 3645 qui
1514 3577 1774 3647 ignorant.
1817 3599 1887 3618 -ι-

298 3668 401 3721 Aut
428 3669 576 3738 facite
599 3667 828 3721 arborem
861 3667 1077 3735 bonam,
1118 3676 1166 3722 et
1193 3671 1391 3740 fructus
1428 3672 1539 3740 ejus
1571 3672 1758 3728 bonos:
1800 3683 1889 3726 aut

301 3760 459 3832 facite
485 3759 714 3813 arborem
743 3760 950 3828 malum,
971 3770 1017 3815 et
1039 3764 1238 3834 fructus
1261 3765 1374 3833 ejus
1395 3764 1579 3830 malos,
1608 3772 1664 3820 ct
1685 3765 1887 3836 reliqua

375 3899 452 3970 (ti)
501 3893 627 3955 Sola
675 3897 1006 3972 editio_l_’ar.
1052 3897 1381 3972 blasphemiae
1428 3917 1530 3955 non
1581 3902 1889 3957 remittetur.

302 3967 440 4028 Tum
469 3972 632 4027 etiam
664 3971 807 4037 aliae,
846 3967 1225 4025 Pharismm'um
1248 3973 1528 4027 sententiat.

376 4044 450 4116 (ὁ)
485 4043 629 4111 Lips.
655 4057 710 4098 et
738 4043 856 4098 Par.
890 4052 1148 4116 peccatur.
1181 4045 1252 4116 At
1281 4043 1409 4097 Bad.
1438 4052 1492 4098 et
1514 4044 1602 4098 Er.
1631 4058 1754 4098 cum
1777 4060 1892 4098 om-

305 4115 464 4187 nibus
481 4129 616 4187 mss.
645 4124 900 4187 peccator,
929 4115 1120 4183 supple
1147 4115 1228 4168 sit.

377 4185 450 4258 (c)
479 4177 753 4240 “Silam.
779 4177 1214 4258 Christo-rigare,
1241 4185 1358 4258 sine
1379 4183 1451 4258 in.
1475 4183 1628 4258 Coib.
1655 4195 1706 4240 et
1731 4179 1889 4258 lium.

307 4254 566 4312 Christum
611 4271 816 4327 negare.
863 4254 998 4311 Tum
1033 4254 1191 4310 Mich.
1223 4299 1236 4321 ,
1280 4256 1439 4312 Vind.
1471 4299 1485 4322 ,

308 4328 536 4394 Turon.,
571 4328 726 4382 Becc.
761 4339 813 4382 et
842 4327 976 4383 Silv.
1008 4328 1290 4399 cumBad.
1319 4339 1374 4383 et
1405 4329 1496 4382 Er.
1527 4327 1660 4399 quod
1692 4327 1780 4384 Dei
1804 4330 1892 4399 git.

304 4399 472 4467 Magis
503 4401 670 4469 placet
702 4413 824 4453 cum
855 4400 1064 4455 caeteris
1097 4398 1245 4451 libris
1270 4437 1284 4463 ,
1317 4401 1456 4468 quod
1489 4397 1627 4453 Deus
1657 4401 1744 4454 sit.
1789 4397 1896 4456 Cur

305 4483 487 4524 autem
517 4470 792 4524 Christum
826 4473 988 4525 lli-nm
1023 4485 1219 4539 negare
1245 4471 1364 4524 sine
1397 4469 1550 4525 venia
1581 4472 1647 4525 sit
1674 4512 1688 4534 ,
1728 4469 1897 4525 Atha-

307 4543 494 4596 nasius
521 4541 678 4609 epist.
732 4556 780 4594 tv
810 4543 876 4595 ad
908 4542 1261 4609 Serapionem
1293 4541 1383 4610 (ex
1415 4555 1516 4610 qua
1547 4539 1788 4595 divulsus
1816 4545 1901 4596 est

307 4621 570 4667 tractatus
602 4615 652 4664 in
686 4611 829 4667 hunc
851 4613 1098 4667 eumdem
1127 4613 1420 4682 locumac
1445 4613 1668 4666 secrsim
1691 4610 1896 4682 positus

307 4698 427 4754 pag.
463 4683 586 4743 970.
621 4684 683 4736 'i‘.
719 4683 888 4738 tedii.
923 4685 1040 4738 Par.
1070 4699 1175 4754 an.
1199 4681 1356 4750 1627)
1388 4683 1526 4737 hanc
1574 4683 1640 4737 ad
1690 4681 1891 4738 ealeetn

309 4753 573 4810 rationem
608 4755 814 4809 reddit:
849 4754 949 4819 Qui
973 4755 1106 4808 enim
1144 4753 1338 4807 Filium
1361 4755 1597 4826 abnegat,
1634 4771 1779 4823 quem
1809 4756 1894 4808 de-

310 4828 512 4895 precari
555 4836 754 4890 potest,
795 4837 848 4879 ut
890 4826 1309 4896 propitiationent
1336 4826 1596 4878 inueniat?
1631 4835 1719 4879 aut
1745 4841 1897 4893 quam

309 4899 466 4952 vitam
491 4906 577 4950 aut
605 4895 1026 4965 refociltationem
1056 4895 1384 4966 exspectabit,
1417 4897 1504 4966 qui
1527 4913 1641 4950 eum
1659 4898 1898 4966 repudiat

309 4971 397 5038 qui
416 4972 488 5022 ita
519 4969 764 5041 loquitur,
799 4968 1049 5041 Egosnm
1077 4967 1225 5041 vitu?‘
1252 4967 1336 5041 Eo
1363 4969 1491 5041 ipso
1509 4969 1627 5041 loco
1655 4969 1894 5041 luculen-

313 5037 396 5094 ter
419 5040 653 5108 explicat
683 5037 1004 5094 Athanasius
1030 5079 1045 5103 ,
1087 5051 1185 5092 ουτ
1215 5038 1302 5092 hic
1326 5037 1655 5105 blasphemia
1691 5041 1740 5092 in
1774 5039 1896 5107 Spi-

310 5111 474 5166 ritum
503 5122 748 5166 sanctum
797 5109 1143 5179 intelligenda
1169 5111 1239 5163 sit
1267 5109 1598 5180 blasphemia
1637 5110 1896 5166 adversus

311 5181 510 5237 Christi
559 5183 915 5236 divinitatem.
987 5181 1170 5250 Neque
1215 5197 1343 5235 vero
1386 5193 1476 5235 aut
1524 5181 1759 5236 ililaiius
1805 5191 1899 5238 aut

313 5253 641 5308 Athanasius
665 5268 854 5308 carere
880 5251 1033 5307 venia
1079 5254 1315 5308 sentiunt
1353 5251 1673 5322 quicumque
1699 5253 1900 5309 Christi

312 5327 632 5394 negaverint
662 5324 1020 5387 divinitatem,
1054 5323 1148 5377 sed
1179 5325 1269 5392 qui
1300 5324 1556 5394 Operibus
1582 5324 1682 5378 sibi
1708 5325 1902 5392 proba-

315 5407 422 5450 tam
455 5406 614 5466 atque
642 5407 973 5465 compertam
1008 5395 1336 5466 negaverint.
1371 5393 1531 5466 Nam,
1563 5395 1713 5466 ut‘ait
1738 5396 1902 5449 Atha-

315 5461 543 5529 nasius,
585 5483 674 5538 per
714 5461 824 5521 hare
861 5465 1010 5538 verba
1052 5461 1902 5538 oStendiripsos‘i'harisaeosnon

315 5553 408 5609 per
427 5533 789 5609 ignorantiam,
820 5535 910 5592 sed
931 5547 1107 5609 sponte
1119 5553 1172 5591 se
1193 5536 1243 5589 in
1267 5533 1405 5609 hanc
1425 5534 1739 5609 eiuctabiiem
1767 5534 1900 5609 bias~

315 5607 569 5678 phemimn
594 5611 813 5682 inﬁgere
830 5651 859 5682 ,_
884 5607 974 5682 nec
1001 5607 1196 5680 pudore
1221 5608 1327 5661 ullo
1353 5607 1503 5670 duci,
1552 5623 1667 5682 cunt
1715 5607 1902 5682 scirent

315 5675 460 5735 istius
485 5681 620 5734 modi
646 5675 802 5750 opera
832 5680 924 5733 Dei
945 5675 1068 5743 esse,
1098 5693 1255 5749 eaque
1283 5687 1338 5732 ut
1364 5686 1584 5732 antentes
1629 5675 1902 5734 Beelzebub

317 5753 691 5820 adscriberent,
726 5753 1044 5824 afﬁrmantes
1087 5767 1146 5805 ea
1176 5766 1281 5824 per:
1298 5751 1540 5824 spiritum
1585 5751 1902 5824 immundum

324 5825 457 5895 ﬁeri.
504 5823 602 5883 Cui
631 5814 979 5885 consentiens
1020 5814 1205 5882 noster
1243 5814 1480 5882 llilarius
1528 5837 1624 5880 eos
1667 5821 1904 5891 afﬁrmat

1525 4256 1659 4312 alter
1691 4257 1850 4312 Coib.
1878 4299 1892 4321 ,
1921 4261 1934 4272 '

1921 4727 1976 4788 D

1997 3315 2100 3354 nus
2129 3298 2401 3365 extendit,
2421 3321 2426 3323 -
2449 3296 2634 3352 dicens
2658 3307 2749 3350 aut
2775 3296 2968 3350 malam
3000 3295 3249 3350 arborem
3277 3307 3399 3348 cum
3431 3292 3588 3346 malis

1992 3391 2281 3458 fructibus,
2307 3401 2395 3445 aut
2423 3391 2616 3444 bonam
2643 3405 2761 3443 cum
2804 3388 2965 3459 732
2997 3387 3150 3441 bonis
3181 3385 3440 3440 fructibus
3468 3399 3589 3440 esse

1991 3485 2289 3540 faciendam
2313 3501 2325 3537 :
2352 3484 2474 3554 quia
2507 3484 2559 3538 in
2589 3484 2741 3538 mala:
2771 3483 2980 3537 arboris
3006 3479 3264 3551 opinione
3289 3481 3388 3534 sub
3409 3493 3590 3534 secre-

1993 3590 2048 3636 to
2093 3579 2164 3653 (Ῑ)
2197 3621 2212 3645 ,
2265 3578 2607 3650 indulgentia:
2665 3578 2756 3632 llei
2802 3575 3036 3646 reposita
3091 3575 3160 3628 sit
3211 3574 3400 3641 venia;
3443 3573 3589 3643 (quia

1991 3688 2152 3728 omne
2179 3670 2256 3744 (g)
2289 3684 2565 3741 peccatum
2591 3671 2660 3725 sit
2689 3664 3124 3736 remittendum);
3167 3665 3219 3719 itt
3261 3664 3418 3720 bona:
3458 3679 3591 3718 con-

1992 3765 2228 3820 iessione
2259 3763 2466 3819 fructus
2503 3773 2737 3818 aeternus
2779 3761 2849 3815 sit
2883 3775 2991 3814 :ne
3031 3755 3327 3812 incidentes
3353 3757 3414 3826 (ι’.
3441 3755 3590 3809 ince-

1993 3912 2144 3957 extra
2175 3899 2388 3956 venitm
2431 3915 2587 3966 esse,
2637 3897 2779 3968 quod
2814 3907 3050 3968 paterna:
3079 3901 3284 3968 naturae
3327 3891 3584 3968 substan-

1995 3971 2123 4028 tiam
2153 3971 2416 4035 adimant,
2444 3961 2604 4026 etiam
2631 3961 2748 4022 cum
2775 3961 2826 4021 in
2846 3966 3046 4038 Spiritu
3078 3961 3204 4030 Dei,
3250 3962 3352 4016 hoc
3384 3972 3467 4016 est
3491 4004 3504 4025 ,
3537 3961 3589 4015 iit

1995 4046 2111 4113 ipsa
2142 4043 2438 4098 divinitatis
2467 4043 2667 4096 virtute
2695 4048 2752 4113 et
2778 4051 3145 4113 natura,_opus
3174 4051 3321 4113 omne
3349 4049 3588 4113 consum-

1997 4104 2115 4170 met.
2149 4115 2418 4169 Prwterea
2447 4113 2542 4186 qui
2580 4110 2733 4186 apud
2760 4104 3108 4186 Athanasium
3157 4105 3470 4186 testimonia
3520 4104 3590 4186 tle

1996 4187 2267 4242 communi
2309 4176 2547 4240 essentia
2597 4176 2770 4238 Patris
2814 4193 2867 4235 et
2917 4179 3035 4234 Filii
3077 4186 3130 4232 et
3156 4176 3390 4247 Spiritus
3418 4176 3588 4230 sancti

1996 4257 2360 4321 concinnavit,
2393 4255 2780 4324 blaSphemiatn
2823 4253 2876 4307 in
2907 4250 3168 4319 Spiritum
3201 4257 3582 4324 SaAnCllill'lAl-Iti‘ll

1997 4330 2099 4384 alia
2123 4331 2329 4384 ratione
2350 4316 2761 4395 interpretatus,
2790 4316 3045 4377 observat
3076 4335 3175 4374 non
3213 4320 3404 4395 dixisse
3422 4316 3586 4395 Chri-

1997 4410 2131 4455 stum
2160 4393 2531 4468 blasphemanti
2568 4407 2613 4452 et
2649 4396 2996 4468 paenitentiam
3035 4395 3201 4468 egenti
3234 4393 3583 4468 remissionem

1999 4472 2226 4524 dandam
2261 4461 2361 4524 non
2393 4487 2500 4525 esse
2528 4511 2542 4531 .
2584 4461 2672 4523 sed
2698 4461 3086 4530 blaspltentantiv
3105 4474 3150 4518 et
3179 4466 3230 4518 in
3269 4461 3589 4532 blasphemia

1999 4543 2241 4596 manenti.
2285 4539 2572 4596 Probabile
2597 4551 2679 4594 est
2707 4538 2866 4592 aliam
2895 4536 3094 4591 lliiario
3124 4535 3449 4591 sententiam
3478 4549 3584 4586 non

1999 4613 2184 4680 fuisse,
2219 4625 2338 4668 cum
2371 4613 2607 4683 legamus
2632 4611 2768 4664 inira
2789 4651 2804 4674 ,
2834 4624 2953 4679 cap.
2976 4606 3056 4684 Δ¹18
3083 4650 3096 4672 ,
3125 4623 3275 4684 num.
3305 4605 3414 4684 10.ἶ
3445 4602 3586 4684 quod

1999 4674 2226 4739 omnium
2251 4674 2457 4738 omninb
2485 4683 2836 4753 peccaminum
2875 4674 3083 4753 veniant
3113 4677 3252 4753 Deus
3297 4674 3449 4753 nobis
3482 4675 3588 4726 lar-

2000 4757 2190 4828 giatur,
2218 4772 2278 4810 ac
2305 4746 2503 4828 reipsa
2537 4756 2611 4828 iis,
2630 4753 2849 4828 largitus
2878 4752 2968 4816 sit,
2997 4750 3086 4818 qui
3115 4748 3386 4828 Christum
3420 4746 3582 4825 Deum

2001 4821 2107 4898 non
2139 4821 2451 4896 negaverint
2490 4825 2672 4887 modo,
2706 4824 2800 4878 setl
2829 4831 2884 4898 et
2911 4821 3239 4898 necaverint,
3267 4827 3358 4871 aut
3399 4821 3588 4898 Inertis

2000 4897 2170 4962 ipsius
2208 4887 2414 4954 iuerint
2443 4908 2730 4961 auctores;
2763 4893 2916 4949 venia
2963 4906 3068 4946 non
3111 4890 3275 4944 dilata
3305 4928 3320 4954 ,
3372 4887 3461 4942 ubi
3494 4898 3596 4956 per

2000 4969 2158 5024 iidem
2196 4971 2260 5023 ad
2289 4986 2411 5024 eum
2445 4969 2673 5040 rediere.
2708 5036 2741 5040 Α,
2841 5037 2868 5040 __
2947 5036 2956 5040 _
3543 5029 3553 5040 .

2073 5040 2154 5111 (ά)
2188 5040 2314 5096 MSS.
2347 5042 2510 5096 Carn.
2544 5053 2596 5111 et
2624 5036 2781 5092 Coib.
2815 5036 3154 5109 dignitatem;
3201 5041 3257 5088 et
3303 5043 3427 5086 mox
3471 5036 3584 5102 agi-

1998 5122 2183 5178 tantes,
2220 5115 2336 5165 loco
2364 5114 2514 5168 verbi
2542 5110 2844 5164 habitantes.

2073 5173 2302 5255 (eiset
2348 5198 2480 5238 mss.
2524 5185 2578 5236 in
2623 5181 2860 5236 homine:
2904 5179 3062 5234 male.
3126 5176 3220 5230 llic
3265 5173 3589 5255 refelluntur

2004 5247 2187 5310 Ariani
2215 5253 2434 5308 Christo
2466 5256 2559 5310 Dei
2591 5265 2837 5308 naturam
2864 5259 3125 5320 negantes
3145 5289 3159 5314 ,
3190 5247 3347 5317 cujus
3390 5261 3586 5299 nomen

2004 5342 2067 5380 ac
2099 5325 2498 5379 venerationem
2530 5326 2580 5380 ei
2608 5324 2942 5378 deferebant.

2078 5397 2144 5466 (Γ)
2173 5396 2284 5450 lloc
2313 5405 2431 5461 est,
2461 5411 2619 5466 quam
2653 5395 2744 5450 diu
2775 5393 2930 5448 nobis
2973 5391 3180 5448 occulta
3212 5400 3266 5444 ct
3310 5388 3480 5442 latens
3507 5394 3590 5442 cst

2006 5468 2150 5521 illius
2180 5467 2410 5521 bonitas.

2083 5537 2157 5610 (g)
2199 5538 2486 5610 Editicum
2518 5539 2678 5592 unico
2713 5551 2814 5590 ms.
2858 5534 3010 5610 Coib.
3043 5549 3142 5603 qua
3179 5549 3349 5610 omne,
3388 5530 3590 5610 Deinde

2011 5605 2123 5665 sola
2151 5610 2316 5662 editio
2342 5608 2463 5662 Par.
2489 5623 2611 5662 cum
2637 5610 2825 5663 eodem
2858 5623 2958 5661 IIIS.
2992 5607 3044 5660 in
3066 5610 3194 5659 bona
3224 5605 3584 5676 confessione:

2010 5681 2099 5736 ubi
2133 5681 2416 5734 Beccensis
2445 5679 2637 5744 codex,
2668 5682 2720 5733 in
2755 5680 2902 5733 bonw
2931 5679 3123 5733 scilicet
3161 5677 3356 5731 arboris
3390 5677 3583 5745 confes.

2009 5753 2192 5833 sione,
2223 5753 2366 5820 quod
2390 5751 2722 5833 in_nmrgine
2747 5751 2812 5833 ad
2843 5760 3042 5806 textum
3082 5748 3454 5833 illustrandum
3483 5761 3592 5833 non

2008 5823 2149 5903 male
2180 5822 2354 5896 locum
2389 5821 2635 5894 haberet,
2663 5821 2884 5898 praeﬁxo
2907 5833 2953 5881 et
2983 5830 3106 5881 ante
3135 5821 3188 5880 in
3215 5822 3378 5878 bona.
