4222 6262
639 275 744 334 991

1856 272 2099 331 SANCTI
2143 271 2397 329 "ILARII
2429 274 2736 334 EPISCOPI

3843 282 3951 339 992

640 392 830 449 dentes
854 392 874 467 )
924 392 1153 449 mediam
1194 392 1334 448 inter
1361 400 1650 464 utrumque
1694 393 2019 448 sententiam
2046 436 2061 458 ,
2108 404 2232 448 cum
2261 391 2316 450 A
2339 390 2405 445 Et
2432 392 2648 462 quidem
2675 393 2932 451 Dominus
2962 396 3212 465 absolvit,
3238 397 3426 454 dicens
3457 415 3469 452 :
3496 397 3583 455 Sic
3611 400 3702 455 erit
3725 416 3955 474 genera-

641 490 972 543 constituere
998 488 1197 542 malum
1240 501 1347 542 non
1379 488 1706 553 audeamus;
1757 489 2003 544 conﬁteri
2035 490 2238 547 bonum

644 581 898 647 nolimus,
920 579 1276 637 iudissolubili
1303 591 1570 652 corrupta:
1586 581 1655 638 de
1674 598 1733 639 se
1753 583 2021 655 Opinionis
2036 583 2240 655 judicio

644 674 1039 744 relinquamur.

716 768 803 824 19.
836 767 1061 824 Omnem
1100 778 1281 825 autem
1322 770 1392 825 ita
1437 770 1705 827 sentiendi
1747 771 2143 841 corruptelam,
2175 786 2242 826 ex

643 870 851 917 naturae
881 861 1010 916 vitio
1038 862 1305 932 proﬁcisci
1337 863 1538 930 docuit,
1563 863 1748 918 dicens
1781 881 1794 917 :
1828 863 1903 918 De
1934 864 2077 919 malo
2120 862 2241 918 the-

643 971 809 1012 sauro
839 973 947 1012 non
978 958 1080 1012 nisi
1109 974 1229 1028 qua:
1258 959 1393 1013 mala
1426 968 1551 1013 sunt
1580 972 1738 1027 posse
1768 956 2016 1028 proferri,
2048 964 2104 1012 et
2130 972 2246 1012 om-

645 1050 731 1105 nis
758 1049 941 1117 otiosi,
968 1050 1017 1104 id
1047 1060 1151 1114 est,
1188 1051 1350 1119 inepti
1378 1061 1431 1105 et
1457 1051 1663 1105 inutilis
1689 1049 1815 1104 dicti
1843 1050 2108 1106 rationem
2134 1049 2245 1104 Deo

645 1148 769 1191 esse
790 1134 1117 1190 reddendam
1142 1135 1353 1207 (.llutth.
1374 1152 1469 1199 xu,
1500 1135 1590 1207 55)
1623 1154 1635 1188 :
1660 1135 1782 1206 quia
1803 1136 1871 1191 de
1890 1134 2247 1190 confessionis

645 1235 845 1281 nostrae
859 1225 1032 1281 verbis
1049 1237 1138 1280 aut
1159 1225 1550 1281 condemnandi
1571 1226 1757 1292 simus,
1777 1234 1871 1280 aut
1885 1225 2243 1294 justiﬁcandi;

652 1319 816 1377 talem
864 1318 1029 1375 futuri
1076 1320 1259 1388 judicii
1310 1320 1743 1376 benevolentiam
1791 1321 2246 1389 recepturi,qua-

649 1411 755 1466 lem
798 1411 867 1467 de
910 1412 1147 1468 etelestis
1186 1413 1371 1484 gloriae
1404 1414 1631 1469 Domino
1667 1412 1987 1469 sententiam
2019 1410 2250 1467 tenueri-

652 1522 794 1562 mus.

721 1600 811 1656 20.
845 1599 977 1654 Fide
1012 1600 1234 1669 gentium
1261 1601 1496 1672 arguitur
1525 1601 1805 1670 inﬁdelitas
1833 1599 2158 1656 Judworunt.
2180 1629 2251 1640 --

650 1694 877 1765 Signum
908 1693 1105 1750 deinde
1129 1703 1349 1763 rogatur
1377 1703 1430 1749 ut
1474 1704 1691 1764 praestet
1710 1736 1724 1761 ,
1748 1694 1892 1765 quod
1922 1710 1981 1750 se
2008 1711 2074 1749 ex
2100 1693 2251 1749 Jonte

2346 486 2471 541 tioni
2492 488 2609 541 huic
2631 490 2864 558 pessimte
2885 488 3046 563 (Ibid.
3076 492 3190 562 45).

2413 580 2504 634 22.
2550 579 2754 636 Iudaeis
2796 584 3064 652 superiora
3109 594 3373 653 aptantur.
3394 585 3611 641 Dwmon
3639 597 3754 642 ante
3781 588 3951 659 legem

2346 670 2618 728 Israelitas
2664 674 2938 730 obtinebat.
2974 675 3106 748 Lege
3146 680 3390 748 expulsus
3419 688 3592 751 gentes
3634 681 3841 734 invasit.
3878 709 3954 722 —-

2348 769 2465 826 Non
2500 773 2659 843 igitur
2688 773 2963 843 ambigere
2999 789 3302 841 possumus,
3333 785 3502 830 totum
3533 775 3636 831 hoc
3661 776 3727 830 ad
3761 791 3955 846 perso-

2348 878 2468 918 nam
2501 864 2682 934 populi
2708 865 2864 933 hujus
2891 881 3011 920 esse
3043 866 3384 921 referendum
3417 867 3547 922 :sed
3578 867 3951 922 contuendum

2347 963 2430 1009 est
2482 968 2748 1026 quatenus
2802 959 3075 1029 proposita
3140 961 3347 1029 singula
3410 959 3633 1030 singulis
3690 961 3954 1030 tempori-

2348 1047 2446 1101 bus
2494 1049 2761 1119 rebusque
2788 1050 3100 1106 reddantur.
3153 1051 3453 1122 Superius,
3504 1052 3579 1125 (c)
3640 1067 3841 1123 nempe
3898 1054 3951 1108 in

2348 1139 2699 1194 Ninivitarum
2728 1150 2782 1196 et
2812 1143 3009 1212 reginae
3034 1144 3214 1198 Austri
3239 1145 3476 1209 nomine,
3501 1144 3795 1213 justiﬁcata
3819 1144 3955 1201 ﬁdes

2348 1232 2586 1302 gentium
2612 1243 2695 1287 est
2722 1250 2735 1287 :
2760 1234 2855 1288 sed
2880 1236 3035 1305 longe
3060 1244 3216 1290 antea
3238 1278 3252 1302 ,
3280 1246 3401 1306 post
3424 1237 3591 1291 multa
3620 1238 3670 1290 in
3696 1237 3869 1293 Deum
3900 1248 3957 1294 et

2350 1324 2532 1394 gravia
2557 1326 3009 1393 peccata,.ludaeis
3034 1326 3155 1381 data
3180 1328 3262 1382 lex
3284 1338 3388 1382 est.
3409 1328 3474 1382 Et
3494 1336 3707 1397 peccata
3730 1330 3955 1400 quidem

2350 1431 2537 1471 eorum
2569 1416 2653 1486 (ά)
2686 1417 2837 1472 libris
2880 1417 3047 1489 Moysi
3091 1420 3455 1475 continentur.
3489 1420 3686 1475 Verum
3722 1431 3839 1490 post
3872 1430 3958 1476 tot

2353 1509 2547 1565 divina:
2572 1512 2789 1565 virtutis
2814 1511 3161 1580 documenta,
3194 1512 3244 1567 id
3272 1523 3354 1568 est
3373 1557 3387 1579 ,
3415 1514 3601 1568 decem
3632 1515 3801 1585 plagis
3833 1531 3959 1586 per-

2351 1618 2563 1658 cussam
2610 1604 2927 1677 Egyptum,
2972 1615 3024 1660 et
3068 1606 3374 1660 columnam
3426 1607 3586 1661 nubis
3627 1622 3690 1662 ac
3738 1608 3959 1663 luminis

2357 1706 2512 1751 nocte
2533 1695 2729 1766 dieque
2754 1695 3135 1760 famulantem,
3177 1709 3230 1751 et
3273 1699 3325 1751 in
3360 1698 3623 1768 Erythreo
3671 1699 3805 1753 mari
3855 1700 3961 1753 iter

649 1787 804 1858 signo
835 1788 1083 1845 daturum
1110 1804 1233 1845 esse
1261 1791 1539 1861 reSpondit
1558 1791 1720 1861 (Ibid.
1745 1791 1837 1863 58)
1866 1808 1878 1843 :
1903 1798 1957 1846 et
1985 1791 2125 1845 sicut
2156 1790 2249 1844 tri-
2278 1784 2323 1845 B
2354 1788 2659 1854 prmbitum,
2711 1799 2765 1844 et
2806 1788 2982 1844 fontes
3026 1789 3198 1859 ruptis
3241 1790 3386 1844 saxis
3432 1788 3713 1844 el'ﬁucntes
3738 1830 3753 1856 ,
3783 1799 3841 1844 et
3882 1790 3961 1860 (ε)

649 1881 757 1937 duo
779 1892 833 1937 et
862 1882 1086 1936 totidem
1121 1884 1365 1938 noctibus
1392 1884 1558 1939 Jonas
1584 1884 1637 1938 in
1660 1885 1762 1940 ceti
1792 1892 1977 1939 ventre
2005 1883 2255 1938 detentus

656 1973 752 2037 sit,
781 1973 850 2027 ita
885 1989 945 2029 se
974 1975 1111 2029 intra
1147 1975 1400 2029 interiora
1446 1984 1604 2030 terra:
1646 1976 1756 2042 pari
1796 1976 2054 2044 temporis
2082 1975 2255 2045 spatio

651 2064 1083 2120 demoraturum.
1117 2065 1221 2122 Sed
1252 2067 1513 2137 majorem
1542 2067 1773 2121 futuram
1818 2068 2057 2137 gentium
2095 2067 2255 2122 ﬁdem

650 2166 937 2235 monstrat.
973 2157 1220 2215 Ninivita:
1258 2159 1403 2215 enim
1434 2160 1569 2214 Jona
1612 2160 1939 2229 prmdicaute
1986 2162 2253 2230 ptenitem

656 2250 784 2305 tiam
816 2260 1061 2321 egerunt,
1084 2260 1137 2306 et
1159 2267 1187 2303 a
1219 2251 1331 2306 Deo
1360 2253 1570 2306 veniam
1598 2251 1894 2322 ptenitendi
1915 2250 2256 2308 confessione

659 2351 998 2398 meruerunt.
1023 2343 1128 2399 Sed
1159 2352 1214 2399 et
1254 2342 1439 2398 Austri
1468 2344 1649 2414 regina
1684 2358 1827 2398 nunc
1873 2344 1925 2398 in
1952 2343 2255 2413 exemplum

656 2434 913 2489 Ecclesiae
945 2443 1268 2505 praesumpta
1292 2478 1305 2502 ,
1339 2436 1660 2506 sapientiam
1709 2436 1972 2491 admirata
2015 2437 2258 2491 Salomo-

658 2530 764 2594 nis,
788 2544 851 2583 es
887 2529 1088 2583 ultimis
1120 2539 1278 2585 terra:
1304 2530 1549 2598 partibus
1572 2530 1721 2586 venit
1742 2529 1929 2586 audire
1959 2546 2117 2599 quam
2141 2540 2258 2584 erat

660 2621 924 2676 admirata
948 2622 1266 2691 sapientiam
1301 2622 1471 2694 (Ibid.
1502 2623 1567 2676 41
1600 2634 1648 2677 et
1677 2622 1793 2694 42).
1825 2622 2075 2679 Cumulat
2097 2622 2257 2690 igitur

662 2712 915 2768 invidiam
944 2716 1306 2784 comparatio,
1339 2727 1392 2772 et
1420 2716 1638 2771 Judaeos
1670 2717 1787 2770 sine
1810 2718 2155 2771 excusatione
2180 2716 2257 2772 l'a-

657 2807 732 2861 cit
759 2805 891 2861 ﬁdes
916 2808 1158 2878 gentium
1187 2826 1201 2864 :
1236 2818 1292 2864 ut
1319 2825 1439 2864 cum
1465 2810 1538 2865 illi
1568 2810 1865 2879 pr0phetis,
1898 2810 1950 2863 id
1980 2820 2082 2874 est,
2106 2809 2256 2866 Jonas

658 2896 1047 2969 Salomonique
1088 2900 1415 2956 crediderint
1446 2943 1461 2967 ,
1499 2900 1716 2957 Christo
1756 2902 1842 2957 isti
1884 2919 1991 2958 non
2033 2903 2258 2959 credant

659 2992 796 3049 Joua
820 2994 1215 3066 Salomoneqne
1237 2996 1452 3065 potiori.
1472 2996 1539 3050 Et
1557 2996 1758 3051 ideirco
1784 2996 1835 3050 in
1860 2998 2258 3053 resurrectione

665 3104 760 3143 eos
783 3090 1102 3159 judicabunt
1124 3132 1138 3157 ,
1165 3095 1285 3161 quia
1310 3092 1363 3145 in
1391 3091 1473 3146 his
1497 3102 1743 3162 repertus
1770 3092 1927 3147 timor
1956 3093 2047 3148 Dei
2075 3092 2254 3158 fuerit,

2359 1880 2714 1935 ministratam
2739 1881 3099 1936 esurientibus
3125 1896 3376 1936 mannam
3404 1924 3419 1948 ,
3453 1891 3506 1935 et
3531 1881 3594 1935 ad
3620 1890 3957 1950 postremum

2360 1974 2409 2027 in
2455 1974 2808 2044 quadraginta
2853 1990 3116 2030 annorum
3168 1985 3410 2044 tempore
3437 1975 3543 2027 vita
3578 1983 3729 2041 atque
3756 1973 3958 2027 habitu

2357 2064 2671 2136 angelorum
2702 2065 2953 2135 populum
2990 2065 3258 2119 viventem
3289 2080 3303 2124 :
3338 2064 3403 2136 (f)
3427 2063 3703 2118 adoratum
3746 2064 3961 2133 suppli—

2358 2167 2645 2226 catumque
2671 2165 2852 2226 postea
2885 2156 3179 2221 pecudibus
3199 2166 3255 2211 et
3275 2156 3439 2219 saxis,
3460 2154 3653 2225 hisque
3677 2169 3799 2207 cum
3828 2154 3966 2208 cbo-

2358 2250 2435 2305 ris
2462 2249 2794 2317 canticisque
2824 2248 3103 2315 saltatum,
3137 2256 3191 2302 et
3220 2246 3438 2301 metalla
3462 2245 3595 2301 deos
3627 2254 3961 2314 nuncupata.

2360 2341 2503 2413 Ergo
2554 2341 2876 2397 insidentem
2928 2340 3100 2409 plebis
3150 2339 3305 2394 istius
3356 2338 3665 2408 pectoribus
3712 2338 3964 2407 spiritum

2359 2433 2693 2489 immundum
2729 2433 2835 2497 lex,
2866 2447 2985 2502 qua!
3008 2439 3194 2502 postea
3218 2431 3341 2486 data
3367 2440 3449 2485 est
3475 2472 3488 2495 ,
3521 2430 3835 2485 interventu
3865 2445 3968 2485 suo

2359 2528 2550 2598 cjecit,
2580 2536 2634 2583 et
2658 2528 2820 2583 veluti
2850 2526 3079 2598 quadam
3107 2524 3352 2581 custodia
3381 2524 3747 2594 circumjectte
3775 2532 3964 2595 potes-

2360 2622 2484 2677 tatis
2513 2620 2763 2677 exclusit.
2788 2620 2888 2687 Qui
2921 2620 3069 2674 illinc
3098 2620 3304 2685 exiens,
3328 2617 3531 2672 circum
3558 2625 3751 2687 gentes
3777 2616 3970 2671 deser-

2361 2725 2441 2770 tas
2466 2724 2627 2785 atque
2652 2713 2830 2770 aridas
2865 2714 3173 2779 oberravit,
3196 2712 3415 2767 domum
3447 2720 3689 2765 veterem
3727 2709 3971 2764 derelin-

2359 2824 2530 2879 quens
2561 2827 2574 2862 :
2602 2818 2659 2862 ut
2694 2808 2746 2861 in
2776 2806 2859 2861 his
2884 2822 3055 2877 usque
3103 2806 3153 2859 in
3196 2805 3337 2860 diem
3360 2802 3547 2874 judieii
3592 2817 3704 2858 non
3756 2802 3970 2873 inquie-

2362 2911 2467 2956 tata
2496 2900 2830 2955 habitatione
2858 2899 3241 2969 requiesceret.

2430 2995 2522 3048 25.
2540 2991 2781 3047 Gentibus
2802 2991 3003 3046 indulta
3025 2991 3192 3064 gratia
3212 2989 3280 3044 ad
3299 2988 3510 3043 Judwos
3533 2988 3709 3043 rediit.
3727 2987 3834 3042 Cur
3854 3004 3972 3058 sep-

2359 3095 2459 3140 tem
2484 3101 2653 3139 secum
2680 3082 3117 3139 assumat.—Sed
3142 3098 3353 3137 rursum
3379 3081 3471 3135 Dei
3496 3081 3666 3151 gratia
3694 3080 3970 3150 impertita

663 3180 860 3251 quibus
887 3182 971 3237 lex
997 3199 1104 3238 non
1134 3194 1250 3239 erat
1280 3185 1566 3255 praedicata
1594 3204 1604 3238 :
1631 3185 1733 3241 hoc
1754 3186 1923 3255 magis
1949 3186 2149 3256 indigni
2170 3202 2259 3241 ve.
2289 3178 2333 3241 C
2366 3180 2649 3251 gentibus,
2691 3190 2973 3250 postquam
3020 3178 3072 3233 in
3112 3192 3267 3246 aqua:
3314 3176 3529 3229 lavacro
3559 3172 3674 3227 l‘ons
3707 3174 3863 3227 vivus
3890 3173 3973 3226 el-

660 3276 749 3328 nia
771 3275 849 3346 (a)
874 3276 964 3345 qui
993 3292 1060 3331 ex
1086 3277 1205 3347 lege
1236 3289 1361 3331 sunt
1389 3277 1658 3344 inﬁdeles,
1682 3294 1788 3349 quo
1811 3279 1929 3348 plus
1959 3277 2084 3334 ﬁdei
2106 3279 2160 3334 in
2182 3280 2261 3335 cis

659 3368 748 3437 qui
782 3368 953 3436 legem
988 3368 1369 3437 ignoraverunt
1398 3372 1467 3426 sit
1496 3384 1790 3440 repertum.

732 3458 821 3512 21.
842 3458 971 3513 Cum
1001 3470 1171 3515 autem
1194 3462 1490 3515 immundus
1517 3464 1728 3534 spiritus
1749 3465 1927 3519 exierit
1949 3467 2011 3519 ab
2032 3466 2258 3531 homine,

660 3553 891 3607 ambulat
920 3570 1012 3624 per
1041 3554 1155 3607 loca
1184 3554 1354 3622 arida,
1388 3571 1621 3619 quwrens
1647 3558 1898 3627 requiem,
1923 3567 1969 3611 et
1999 3576 2099 3612 non
2126 3559 2263 3613 iuve-

660 3649 795 3713 niet,
841 3656 897 3702 et
918 3648 1119 3717 reliqua
1156 3647 1319 3719 (Ibid.
1350 3648 1467 3719 45).
1499 3649 1798 3707 Contlnens
1828 3652 1986 3707 lectio
2025 3662 2139 3717 est,
2169 3662 2222 3707 e’t
2245 3696 2258 3717 ,

659 3754 724 3795 ex
756 3739 871 3808 ipso
898 3739 1012 3793 initi
1036 3740 1302 3794 sermonis
1324 3740 1550 3795 exordio
1569 3782 1583 3804 ,
1618 3740 1694 3813 (b)
1713 3757 1777 3797 ex
1798 3756 1959 3798 sensu
1984 3744 2262 3813 superiore

660 3829 931 3900 proﬁcisci
965 3829 1231 3884 iudicatur
1258 3848 1272 3885 :
1304 3847 1367 3885 ex
1398 3831 1546 3886 verbi
1569 3831 1712 3887 enim
1745 3833 2125 3902 conjunctione
2147 3849 2260 3889 ca:-

661 3922 759 3993 pit.
800 3921 907 3979 Sed
956 3922 1118 3977 totius
1158 3924 1444 3992 propositae
1484 3925 1901 3994 comparationis
1940 3927 2078 3981 ratio
2122 3936 2263 3982 trac-

665 4015 823 4072 tanda
873 4002 973 4071 eSt.
1027 4015 1229 4071 Exiens
1272 4016 1340 4070 ab
1394 4017 1612 4074 homine
1659 4018 1968 4075 immundus
2015 4021 2257 4092 spiritus,

662 4109 812 4164 arida
841 4119 895 4163 et
923 4110 1179 4180 inaquosa
1213 4110 1327 4163 loca
1359 4110 1585 4178 circuit,
1622 4110 1672 4164 in
1700 4111 1896 4181 quibus
1936 4112 2112 4166 nullus
2143 4113 2262 4168 lous

664 4202 788 4257 vita:
815 4202 1087 4257 efﬁucbat.
1116 4202 1181 4257 Et
1202 4218 1323 4257 eum
1354 4204 1591 4273 requiem
1620 4218 1726 4257 non
1755 4203 2012 4269 inveniet,
2039 4213 2150 4259 tum
2178 4205 2260 4259 iu-

664 4304 743 4350 tra
772 4310 831 4350 se
862 4296 1132 4364 loquetur,
1157 4310 1451 4364 congruum
1483 4295 1585 4349 sibi
1607 4310 1746 4360 esse,
1766 4295 1834 4350 ad
1859 4295 2079 4351 domum
2106 4313 2259 4365 suam

666 4387 809 4442 unde
834 4388 1006 4441 exivit
1030 4388 1256 4452 reverti;
1291 4403 1448 4457 quam
1478 4388 1713 4443 inveniet
1740 4399 2017 4445 vacantem
2037 4431 2052 4453 ,
2084 4392 2261 4462 scopis

665 4479 975 4534 mundatam
1000 4488 1053 4533 et
1083 4487 1325 4533 ornatam
1344 4496 1357 4545 ;
1378 4490 1722 4549 assumetque
1748 4495 1930 4535 secum
1953 4482 2113 4553 733
2139 4498 2261 4554 sep-

2365 3274 2540 3337 lluxit,
2574 3270 2845 3326 habitandi
2868 3285 2991 3325 cum
3018 3269 3098 3324 bis
3121 3270 3271 3325 locus
3296 3268 3475 3322 nullus
3497 3276 3580 3321 est
3604 3284 3615 3318 :
3641 3275 3696 3321 et
3714 3281 3836 3321 cum
3854 3265 3969 3335 jam

2366 3366 2420 3420 in
2452 3364 2537 3419 his
2560 3363 2799 3434 requiem
2832 3377 2939 3417 non
2967 3361 3227 3427 haberet,
3264 3361 3403 3414 intra
3433 3375 3491 3413 se
3518 3369 3797 3427 reputans,
3825 3359 3973 3427 opti-

2366 3474 2513 3514 mum
2542 3458 2714 3513 credit
2743 3456 2956 3527 regredi
2985 3454 3038 3511 in
3064 3471 3182 3510 eam
3214 3470 3279 3510 ex
3304 3469 3410 3525 qua
3456 3452 3722 3524 prolectus
3752 3461 3834 3506 est
3863 3453 3970 3506 do-

2366 3567 2532 3607 mum.
2560 3551 2686 3606 llasc
2707 3550 2992 3605 emundata
3025 3563 3120 3619 per
3160 3548 3352 3618 legem,
3377 3556 3433 3602 et
3461 3546 3839 3617 prOpbetarum
3867 3562 3971 3601 or-

2366 3656 2489 3699 nata
2517 3642 2820 3714 prtecouiis,
2842 3654 2895 3697 et
2914 3642 3113 3698 Christi
3153 3641 3386 3697 adventu
3430 3650 3729 3712 prteparata
3752 3682 3765 3703 ,
3790 3657 3970 3696 vacua

2366 3738 2633 3794 invenitur
2666 3756 2678 3791 :
2712 3753 2740 3791 a
2763 3752 2867 3808 qua
2899 3746 2953 3792 et
2980 3735 3224 3791 custodia
3272 3736 3405 3805 legis
3446 3735 3775 3790 abscesserit
3820 3734 3969 3805 (quia

2366 3830 2541 3887 omnis
2572 3832 2657 3885 lex
2686 3845 2858 3901 usque
2884 3829 2951 3885 ad
2979 3829 3239 3885 Joannem
3272 3830 3393 3897 est(
3420 3827 3606 3882 Matth.
3639 3843 3709 3893 ll,
3742 3828 3845 3901 1⁸5)
3872 3873 3887 3896 ,
3916 3839 3972 3885 et

2366 3927 2432 3982 ad
2464 3925 2811 3981 habitandum
2852 3940 2958 3979 non
2998 3934 3250 3995 receptus
3290 3926 3361 3981 sit
3387 3922 3661 3979 Christus.
3685 3922 3869 3995 Atque
3897 3927 3970 3979 ita

2364 4030 2420 4076 et
2448 4019 2751 4074 habitatore
2777 4034 2941 4073 vacua
2968 4026 3087 4084 est,
3116 4028 3169 4072 et
3208 4017 3419 4073 deserta
3453 4016 3772 4071 custodibus
3806 4035 3818 4070 :
3844 4032 3968 4072 cum

2368 4122 2543 4168 tamen
2577 4112 2654 4184 (υ)
2686 4112 2936 4167 veniente
2965 4111 3287 4178 habitatore,
3322 4112 3677 4180 prmeuntium
3709 4111 3976 4166 sollicitu-

2365 4205 2513 4271 dine,
2536 4216 2589 4260 ct
2612 4204 2864 4259 mundata
2893 4204 2963 4257 sit
2987 4212 3040 4257 et
3061 4214 3271 4258 ornata.
3303 4202 3522 4272 Septem
3552 4203 3715 4273 igitur
3741 4202 3975 4271 spiritus

2366 4299 2652 4368 nequiores
2680 4306 3054 4362 assumuntur;
3088 4297 3209 4366 quia
3237 4304 3315 4350 tot
3346 4305 3499 4351 erant
3527 4295 3819 4367 gratiarum
3848 4312 3975 4351 mu-

2365 4406 2493 4447 nera
2522 4390 2784 4445 destinata
2812 4390 2896 4461 (It)
2923 4404 3043 4443 cum
3071 4386 3319 4453 Christo,
3366 4402 3487 4458 qum
3517 4387 3571 4440 iu
3602 4402 3668 4441 eo
3699 4386 3976 4441 multifor-

2367 4484 2468 4541 mis
2496 4484 2582 4539 illa
2611 4483 2700 4538 Dei
2725 4482 2984 4552 sapientia
3025 4481 3322 4551 septiformi
3350 4480 3519 4550 gloria
3550 4478 3836 4533 collocavit
3866 4498 3879 4531 :
3915 4488 3975 4534 ut

665 4584 773 4629 tem
806 4574 1028 4644 Spiritus
1052 4588 1109 4627 se
1139 4574 1449 4643 nequiores,
1478 4574 1919 4645 introeuntesque
1948 4574 2265 4629 habitabunt
2292 4582 2341 4642 ι)
2370 4586 2514 4634 tanta
2538 4577 2836 4646 iniquitatis
2862 4576 3012 4630 ﬁeret
3040 4574 3333 4642 possessio,
3363 4582 3560 4641 quanta
3584 4572 3764 4626 futura
3796 4572 3975 4628 fuerat

662 4667 758 4734 ibi,
786 4676 840 4723 et
881 4666 1167 4721 novissima
1200 4666 1435 4720 hominis
1480 4665 1622 4721 illius
1651 4668 1837 4735 primis
1864 4667 2047 4737 pejora
2080 4679 2259 4723 erunt.

740 4804 817 4876 (a)
850 4805 903 4859 ln
935 4802 1185 4876 vulgatis,
1213 4803 1352 4873 quia.
1382 4802 1603 4876 Rectius
1625 4803 1678 4857 in
1711 4817 1841 4858 mss.
1865 4805 1994 4876 qui;
2021 4802 2253 4876 hocest.

666 4873 850 4946 populi
883 4876 1013 4945 legis
1034 4917 1047 4943 ,
1079 4875 1168 4945 qui
1215 4882 1340 4928 sunt
1395 4873 1644 4930 inﬁdeles
1667 4915 1682 4939 ,
1713 4889 1779 4929 eo
1830 4875 1999 4945 magis
2052 4874 2256 4946 indigni

667 4958 795 5003 sntit
822 4950 997 5002 venia.

742 5020 813 5089 (b)
843 5019 982 5073 Editi
1002 5059 1017 5081 ,
1051 5027 1096 5069 et
1124 5030 1277 5071 sensu
1318 5034 1335 5071 :
1362 5016 1707 5089 corriguntur
1734 5031 1800 5071 ex
1831 5030 1960 5089 mss.
1994 5016 2106 5070 Hoc
2133 5026 2212 5072 est
2241 5060 2255 5084 ,

636 5086 842 5160 ‘ips‘um
901 5089 1166 5143 sermonis
1214 5089 1492 5160 exordium
1527 5109 1539 5141 :
1572 5086 1701 5142 Cum
1745 5097 1911 5142 autem
1938 5088 2257 5160 immundus,

669 5159 800 5225 etc.,
834 5161 1033 5215 indicat
1063 5175 1182 5215 eam
1212 5159 1501 5214 lectionem
1528 5174 1595 5213 ex
1625 5172 1787 5214 sensu
1818 5159 2097 5228 superiore
2120 5202 2133 5225 ,
2165 5174 2258 5215 cu-

666 5233 757 5303 jus
779 5232 1116 5287 continuatio
1145 5240 1247 5293 est,
1280 5230 1571 5298 proﬁcisci.

741 5303 810 5374 (ε)
842 5306 895 5358 In
918 5303 1301 5357 sinceriut'ibus
1320 5318 1450 5357 mss.
1486 5317 1721 5373 namque,
1744 5317 1845 5357 vox
1867 5302 2067 5357 Hilario
2094 5301 2252 5358 fanti-

668 5374 815 5429 liaris
845 5392 942 5445 pro
964 5390 1161 5442 nempe.

744 5444 1159 5519 (dlSolus‘ms.
1211 5444 1414 5519 Turon.
1448 5461 1567 5501 cum
1607 5446 1840 5512 excusis,
1875 5446 2005 5500 libro
2059 5445 2251 5517 Moysi.

661 5517 808 5575 lnl'ra
841 5534 962 5584 cap.
990 5517 1077 5581 14,
1104 5519 1256 5581 n.ll,
1290 5518 1410 5572 libri
1442 5518 1571 5588 legis
1597 5518 1831 5587 quinque
1863 5526 2253 5574 memorantur.

746 5589 819 5671 (ε)
844 5590 1131 5671 Vaticanus
1174 5588 1343 5647 codex
1389 5588 1849 5671 apudnLatiniun‘t.
1869 5630 1882 5653 ,
1913 5591 2255 5671 ministratam

672 5660 1008 5716 esurientibus
1053 5678 1241 5715 manna
1284 5679 1302 5713 :
1330 5662 1475 5716 nullo
1504 5662 1608 5716 alio
1657 5662 1705 5715 ei
1735 5660 2088 5732 suffragante.
2144 5660 2256 5732 Illo-

671 5733 910 5804 nuimus,
946 5742 1056 5785 not.
1088 5732 1123 5783 ά
1158 5732 1264 5785 col.
1299 5732 1402 5790 757
1431 5733 1586 5804 hujus
1617 5731 1893 5798 editionis,
1919 5731 1971 5789 in
2003 5748 2133 5791 mss.
2161 5731 2256 5788 hae-

678 5801 789 5854 bcri
816 5808 1053 5857 ultumam
1093 5812 1359 5859 (vlt'rnam.

2374 4670 2689 4743 gratiarum.
2720 4672 2895 4738 Atque
2917 4667 2988 4721 ita
3021 4666 3312 4721 novissima
3340 4665 3574 4721 hominis
3604 4664 3751 4720 illius
3781 4667 3972 4736 pejora

2437 4807 2505 4877 (ι’)
2565 4804 2620 4860 In
2667 4821 2769 4859 ms.
2823 4802 3326 4877 Colb.radorantem
3375 4812 3551 4877 postea
3591 4803 3819 4877 pecudes
3852 4819 3972 4877 eum

2362 4873 2501 4933 saxis
2521 4920 2536 4943 ,
2567 4877 2940 4932 consentiente
2965 4876 3191 4930 Carnut.
3227 4876 3327 4930 nisi
3359 4873 3500 4944 quod
3531 4874 3839 4927 adorantem
3866 4874 3967 4927 ha-

2361 4950 2454 5005 bet
2478 4957 2683 5002 tantum
2707 4947 2961 5002 secundis
3002 4946 3167 5002 curis.
3216 4946 3272 5001 In
3296 4944 3415 4999 aliis
3444 4946 3603 4999 etiam
3633 4959 3768 4999 mss.
3802 4945 3967 4999 abest

2363 5021 2812 5092 supplicatumque
2838 5035 2856 5072 :
2877 5018 3028 5092 quod
3058 5018 3279 5092 ‘absque
3317 5015 3641 5092 auctoritate
3686 5015 3964 5092 adjectum

2364 5087 2733 5159 suspicamur,
2747 5089 2982 5145 maxime
3005 5104 3124 5143 cum
3151 5090 3375 5144 verbum
3396 5088 3555 5140 adoro
3578 5087 3631 5159 in
3655 5088 3778 5141 aliis
3797 5088 3965 5159 etiam

2365 5157 2550 5217 llilarii
2583 5162 2714 5215 locis
2739 5176 2859 5215 cum
2889 5170 3082 5229 quarto
3108 5174 3234 5214 casu
3257 5160 3502 5227 junctum
3535 5157 3962 5211 adverterimus.

2362 5232 2517 5301 Apud
2549 5232 2673 5287 Par.
2706 5232 3003 5285 adorantem
3026 5231 3629 5301 supplicatuntque,_ctc.
3662 5229 3808 5283 Ante
3835 5230 3967 5281 allo.

2361 5299 2558 5369 ratum,
2587 5303 2894 5373 intelligere
2923 5313 3005 5358 est
3033 5303 3290 5357 continent
3312 5300 3431 5355 libri
3461 5299 3653 5369 Moysi.

2438 5418 2514 5487 (g)
2549 5417 2605 5471 In
2632 5416 2885 5486 vulgatis,
2917 5416 3133 5469 venienti
3153 5415 3443 5469 liabitatori.
3466 5413 3961 5487 Pfrzel'erimuscum

2366 5485 2664 5561 potioribus
2692 5485 2823 5561 mss.
2851 5488 3078 5561 veniente
3108 5487 3395 5561 habitatore
3416 5527 3430 5552 ,
3460 5485 3679 5539 diabolo
3692 5485 3916 5561 scilicet
3936 5526 3952 5543 .

2363 5555 2446 5615 cui
2490 5576 2664 5630 neque
2705 5559 2789 5613 lex
2819 5558 3047 5613 sollicita
3086 5558 3395 5630 prospexit,
3428 5571 3528 5614 nec
3555 5555 3870 5629 prophetae,
3899 5564 3959 5612 ut

2364 5648 2474 5705 prae
2512 5646 2572 5687 se
2598 5630 2702 5686 Iert
2725 5631 2870 5700 prior
2899 5630 3079 5686 lectio.

2436 5740 2519 5811 (It)
2548 5739 2638 5797 Sic
2670 5752 2799 5797 mss.
2828 5738 2897 5796 At
2925 5735 3093 5807 editi,
3126 5733 3432 5813 ittCItristo.
