4222 6262
302 353 409 412 995

1192 336 1739 399 COMMENTARIUS
1775 333 1841 393 IN
1880 331 2327 393 ΜΑἸἽἮᾹΞυΜ.
2367 331 2524 391 CAP.
2566 332 2704 391 XIII.

3492 331 3607 389 994

302 474 461 525 erunt
489 463 763 540 prioribus
790 460 958 536 :‘quia
980 459 1058 536 (α)
1090 474 1155 517 ex
1177 459 1380 517 Iudaeis
1405 456 1715 516 immundus
1740 452 1898 526 spiri-
1924 451 1980 513 Α
2000 451 2069 507 ab
2088 452 2188 508 eis.
2215 451 2479 507 Damnum
2529 451 2736 507 scilicet
2765 448 2901 521 legis
2942 461 3009 504 ex
3057 445 3182 504 fidei
3214 444 3392 518 in0pia
3417 445 3603 504 decla-

302 574 387 621 tus
439 571 588 619 metu
637 559 803 636 735.
851 559 983 630 legis
1032 564 1366 618 excesserat,
1419 567 1563 609 nunc
1618 558 1797 606 autem
1843 547 1897 602 in

301 670 399 713 eos
452 671 576 713 cum
631 656 835 709 ultione
882 649 1179 722 repudiatze
1230 646 1301 703 ab
1350 645 1431 703 eis
1475 643 1663 716 gratiae
1718 654 1900 697 rever-

301 756 467 806 ῐειυιυ.

374 841 467 897 24.
494 838 945 912 Propinquitatum
961 836 1053 908 jus
1064 836 1179 908 jam
1206 832 1344 889 unde
1369 829 1693 887 sumendum.
1714 823 1904 883 Christi

303 934 579 1007 propinqui
617 933 745 1005 [oris
782 941 1010 998 stantes,
1050 930 1351 1002 Synagoga.
1380 957 1454 970 -—
1476 925 1544 981 Et
1581 922 1704 994 quia
1735 928 1902 977 totum

301 1026 446 1086 istud
472 1028 526 1083 in
554 1035 796 1097 paterna:
831 1024 1130 1095 maiestatis
1161 1024 1365 1077 virtute
1390 1020 1742 1089 loqueretur;
1767 1029 1905 1069 nun-

304 1120 461 1179 tianti
480 1119 580 1175 sibi
596 1117 740 1191 quod
759 1117 891 1173 foris
911 1132 941 1171 a
970 1124 1142 1172 matre
1162 1124 1323 1185 atque
1348 1126 1378 1166 a
1409 1108 1664 1166 fratribus
1683 1120 1908 1177 exspec—

305 1226 533 1286 taretur,
558 1230 776 1271 manum
808 1213 862 1269 in
885 1211 1183 1278 discipulos
1204 1206 1523 1272 extendens,
1548 1218 1645 1260 eos
1668 1201 1771 1259 sibi
1799 1200 1909 1255 fra-

307 1318 419 1367 tres
447 1324 571 1366 esse
595 1318 932 1376 matremque
960 1301 1241 1374 respondit
1262 1316 1276 1368 ;
1299 1308 1355 1356 et
1373 1299 1695 1370 quicumque
1717 1293 1909 1350 volun-

306 1402 402 1459 tati
429 1407 668 1472 patcrna:
691 1397 981 1453 obsecutus
999 1404 1164 1462 esset,
1192 1407 1315 1448 eum
1343 1405 1468 1447 esse
1503 1398 1557 1445 et
1597 1386 1818 1442 fratrem
1855 1394 1910 1440 et

309 1509 553 1553 sororem
600 1500 654 1548 et
699 1499 926 1547 matrem
980 1505 994 1541 :
1045 1488 1272 1543 formam
1319 1498 1380 1540 se
1424 1478 1598 1554 ipsum
1646 1477 1912 1534 universis

307 1586 504 1659 agendi
535 1582 912 1653 sentiendique
932 1578 1289 1643 constituens,
1316 1572 1773 1646 propiuquitatum
1795 1584 1913 1625 om-

312 1681 461 1736 nium
488 1676 578 1749 jus
598 1683 762 1746 atque
792 1687 1013 1738 nomen,
1042 1670 1149 1741 iam
1203 1685 1309 1724 non
1356 1666 1423 1723 de
1467 1664 1779 1722 conditione
1818 1677 1914 1717 na-

315 1772 526 1837 scendi,
562 1769 659 1825 sed
700 1768 768 1824 de
818 1765 1074 1822 Ecclesia:
1120 1759 1501 1818 communione
1548 1754 1911 1813 retinendum.

2002 552 2081 599 rat
2110 561 2125 600 :
2153 544 2237 617 (ά)
2260 560 2418 615 quam
2451 544 2610 600 fidem
2631 541 2802 600 Judaei
2831 557 2939 597 non
2963 541 3248 605 habentes,
3272 540 3445 612 legem
3472 554 3608 611 quo-

2002 651 2105 706 que
2125 651 2284 706 quam
2316 635 2479 710 735
2502 635 2803 692 habuerant
2833 632 3205 705 perdiderunt.
3241 632 3312 688 Et
3341 632 3464 689 ideo
3487 647 3610 703 per-

2002 719 2200 776 fectum
2233 720 2364 776 ﬁdes
2384 721 2692 792 evangelica
2718 718 2883 789 habet
2908 718 3109 775 donum
3136 734 3151 784 ;
3185 718 3310 789 quia
3361 725 3611 788 suscepta

2005 812 2157 866 novis
2205 810 2467 868 fructibus
2507 811 2677 879 ditat,
2725 809 3002 882 repudiata
3046 825 3180 866 vero
3207 809 3368 866 etiam
3408 809 3611 865 veteris

2004 903 2327 960 substantiae
2355 917 2487 974 Opes
2514 903 2770 959 detrahit.

2076 999 2133 1054 5.
2173 997 2345 1052 Vestri
2373 1008 2543 1053 autem
2571 998 2706 1053 beati
2731 998 2867 1054 oculi
2895 998 2985 1069 qui
3012 998 3185 1053 vident
3204 1038 3219 1066 ,
3244 1006 3292 1054 et
3327 1013 3479 1054 aures
3500 1013 3614 1069 qua:

2006 1088 2224 1144 audiunt
2246 1088 2410 1161 (Ibid.
2443 1090 2557 1163 l6).
2579 1090 2893 1161 Apostoloci
2920 1089 3181 1161 temporis
3223 1090 3611 1146 beatitudinem

2008 1180 2187 1247 docet,
2218 1197 2447 1253 quorum
2479 1183 2653 1239 oculis
2688 1192 2851 1255 atque
2879 1185 3098 1239 auribus
3137 1184 3365 1256 contigit
3392 1184 3482 1240 Dei
3517 1183 3616 1241 Sa-

2010 1274 2186 1329 lutare
2212 1275 2390 1332 visere
2424 1285 2479 1332 et
2519 1275 2751 1332 audire:
2788 1276 3065 1347 prophetis
3106 1284 3269 1348 atque
3311 1276 3475 1344 justis
3522 1290 3618 1331 cu-

2012 1364 2286 1436 pientibus
2313 1366 2497 1422 videre
2535 1375 2592 1422 et
2633 1365 2823 1422 audire
2862 1366 2916 1421 in
2966 1367 3352 1437 plenitudinem
3409 1379 3618 1439 tempo-

2012 1472 2129 1511 rum
2157 1456 2232 1530 (e)
2260 1456 2677 1526 destinatorum,
2712 1470 2766 1515 et
2815 1459 3233 1529 exspectationis
3285 1459 3439 1515 istius
3487 1474 3621 1530 gau-

2016 1551 2163 1607 dium
2195 1550 2473 1622 Apostolis
2496 1563 2854 1610 reservatum.
3587 1567 3590 1571 ‘

2085 1642 2142 1696 4.
2198 1642 2436 1698 Granum
2479 1645 2675 1716 sinapis
2727 1643 2998 1699 Dominus.
3055 1644 3211 1699 Olera
3260 1643 3625 1715 prapltetarum

2015 1734 2188 1790 verba.
2232 1736 2469 1806 Apostoli
2492 1736 2749 1806 quomodo
2779 1738 2930 1791 rami.
2959 1765 3031 1777 --
3065 1735 3249 1791 Simile
3293 1745 3368 1791 est
3411 1752 3624 1806 regnum

314 1867 585 1925 Czcterum
608 1877 715 1918 non
744 1857 1023 1915 fastidiose
1047 1854 1115 1911 de
1138 1864 1316 1909 matre
1341 1867 1435 1908 sua
1466 1848 1703 1905 sensisse
1730 1846 1914 1903 existi-

2038 1827 2263 1925 rcelorum
2290 1844 2456 1900 grano
2502 1829 2723 1899 sinapis,
2763 1839 2817 1882 et
2845 1828 3052 1899 reliqua
3098 1826 3260 1901 (Ibid.
3291 1827 3407 1899 51).
3441 1828 3625 1886 Grano

317 1956 547 2015 mandus
576 1963 684 2019 est,
716 1951 806 2009 cui
835 1953 888 2006 in
918 1947 1171 2019 passione
1211 1944 1415 2016 positus
1443 1940 1694 1997 maximae
1717 1936 1919 1995 sollici-

318 2048 524 2108 tudinis
554 2045 810 2103 tribuerit
829 2042 1077 2098 allectum
1110 2036 1304 2112 (Joan.
1332 2050 1429 2091 xtx
1451 2075 1465 2101 ,
1498 2032 1573 2088 26
1599 2041 1645 2086 et
1663 2027 1792 2101 27).
1821 2028 1921 2084 Est

322 2153 505 2200 autem
533 2142 692 2198 etiam
724 2139 777 2193 in
808 2152 875 2194 eo
893 2136 1071 2210 typica
1094 2133 1232 2189 ratio
1260 2139 1495 2198 servata,
1520 2139 1577 2183 ut
1605 2134 1778 2182 mater
1803 2124 1922 2194 ejus

325 2246 384 2295 et
416 2238 613 2293 fratres
652 2233 780 2289 foris
808 2237 1038 2295 starent,
1070 2242 1192 2283 cum
1247 2224 1431 2295 utuiqe
1471 2216 1809 2292 ingrediendi
1855 2214 1923 2271 ad

325 2345 450 2388 eum
472 2327 734 2383 haberent
760 2333 819 2380 ut
855 2320 1038 2378 caeteri
1069 2325 1411 2390 potestatem.
1437 2312 1544 2369 Sed
1573 2310 1698 2383 quia
1730 2310 1783 2365 in
1827 2323 1924 2364 sua

2020 1921 2223 1992 sinapis
2252 1936 2313 1977 se
2345 1922 2519 1991 ipsum
2555 1922 2815 1977 Dominus
2844 1922 3196 1991 comparavit,
3226 1921 3339 1977 acri
3361 1923 3618 1990 maxime,

2020 2022 2075 2070 et
2093 2014 2334 2070 omnium
2357 2014 2628 2070 seminum
2652 2013 2895 2080 minimo,
2925 2016 3081 2083 cujus
3105 2014 3276 2069 virtus
3301 2029 3365 2070 ac
3388 2025 3626 2087 potestas

2024 2106 2462 2162 tribulationibus
2491 2115 2548 2162 et
2580 2108 2851 2178 pressuris
2881 2106 3216 2163 accenditur.
3246 2106 3486 2164 Granum
3521 2108 3626 2165 hoc

2027 2198 2187 2268 igitur
2218 2207 2501 2270 postquam
2529 2200 2582 2254 in
2612 2213 2745 2269 agro
2784 2208 2959 2254 satum
2995 2198 3175 2265 fuerit,
3219 2198 3274 2254 id
3315 2207 3419 2267 est,
3451 2199 3543 2255 ubi
3593 2213 3626 2255 a

2031 2290 2227 2361 populo
2257 2288 2685 2358 comprehensus
2706 2298 2762 2345 et
2786 2289 3013 2345 traditus
3042 2289 3241 2358 morti,
3273 2299 3542 2362 tamquam
3573 2290 3627 2347 in

326 2422 494 2487 venit,
517 2429 574 2476 et
600 2418 681 2472 sui
703 2430 827 2473 eum
855 2413 939 2485 (b)
967 2427 1075 2467 non
1113 2413 1473 2479 receperunt;
1506 2405 1559 2459 in
1594 2410 1766 2457 matre
1810 2399 1929 2471 ejus

2038 2395 2189 2451 agro,
2223 2379 2433 2435 satione
2459 2380 2691 2451 quadam
2720 2379 2818 2435 fuit
2846 2383 3094 2452 corporis
3130 2383 3514 2454 consepultus;
3547 2382 3632 2439 ul-

330 2529 393 2571 ac
414 2511 669 2568 fratribus
692 2509 973 2581 Synagoga
999 2512 1054 2560 et
1073 2500 1332 2559 Israelita
1374 2496 1818 2569 prsefigurantur,
1848 2491 1930 2547 in-

334 2623 520 2684 gressu
540 2608 658 2678 ejus
677 2613 842 2676 atque
871 2601 1018 2657 aditu
1042 2596 1402 2653 abstinentes.

932 2731 1161 2793 CAPUT
1202 2730 1341 2787 XIII.

2033 2483 2115 2530 tra
2144 2488 2453 2529 mensuram
2475 2473 2715 2529 omnium
2753 2474 2961 2529 olerum
3001 2476 3302 2543 excrescit,
3332 2487 3386 2533 et
3415 2478 3632 2534 univer-

2035 2584 2148 2626 sam
2174 2568 2558 2643 prophetarum
2580 2569 2806 2641 gloriam
2840 2570 3076 2627 excedit.
3099 2570 3279 2627 Oleris
3303 2572 3449 2629 enim
3488 2573 3627 2639 vice,

2037 2673 2309 2736 tamquam
2326 2672 2549 2734 aegroto,
2577 2663 2761 2720 lsraeli
2787 2663 2911 2720 data
2938 2674 3023 2720 est
3047 2664 3361 2736 praedicatio
3399 2666 3633 2736 prophe«

2047 2766 2244 2811 tarum.
2273 2755 2378 2812 Sed
2405 2756 2515 2825 jam
2549 2771 2615 2813 ex
2647 2756 2811 2812 ramis
2836 2756 3053 2813 arboris
3077 2772 3145 2813 ex
3173 2757 3291 2812 solo
3326 2758 3377 2813 in
3404 2758 3637 2815 sublime

343 2862 540 2922 Sedens
574 2861 629 2916 in
654 2854 890 2915 navicula
937 2850 1089 2907 Iesus
1119 2848 1286 2904 turbis
1313 2844 1586 2914 parabolas
1621 2840 1848 2912 loquitur
1876 2837 1936 2893 de

2042 2851 2288 2923 prolatae,
2312 2850 2436 2908 coeli
2464 2850 2713 2907 volucres
2742 2850 3063 2907 inhabitant.
3089 2850 3379 2923 Apostolus
3404 2852 3636 2917 scilicet,

416 2961 693 3017 seminante
738 2957 927 3011 bonum
976 2966 1179 3015 semen,
1209 2947 1273 3002 de
1299 2942 1502 3000 zizania
1553 2948 1601 2995 et
1655 2936 1849 3001 tritico,
1876 2931 1936 2985 de

2042 2952 2098 3000 et
2162 2941 2365 2999 Christi
2434 2943 2636 2999 virtute
2700 2952 3009 3015 protensos,
3056 2955 3112 3001 ct
3159 2944 3417 3002 mundum
3463 2946 3639 3001 inum-

415 3067 578 3126 θναηο
601 3048 819 3121 “natm.
841 3046 906 3100 άε
934 3044 1181 3115 Ῑενηιεηεο
1203 3039 1449 3093 οὔδεοηδο
1477 3035 1531 3088 εἰ
1557 3032 1750 3126 fmina.
1780 3038 1828 3082 ετ
1847 3041 1941 3081 επ·
2045 3038 2262 3094 brantes
2284 3078 2300 3105 ,
2331 3038 2384 3092 in
2416 3037 2583 3093 ramis
2613 3037 2976 3108 intelligemus
3009 3056 3022 3092 :
3067 3039 3121 3094 in
3168 3053 3306 3110 quos
3352 3048 3540 3110 gentes
3584 3040 3641 3096 in

416 3125 602 3220 positio
625 3142 863 3206 zizaniaz,
888 3138 952 3194 de
971 3136 1207 3192 thesauro
1228 3134 1285 3187 in
1312 3145 1436 3202 agro
1458 3170 1472 3195 ,
1495 3125 1560 3181 de
1585 3125 1717 3180 bona
1738 3137 1943 3192 marga-

418 3240 537 3306 rita,
560 3238 625 3292 de
643 3236 738 3291 reti
768 3230 999 3288 missoin
1020 3242 1179 3282 mare.

2048 3145 2198 3201 spem
2225 3131 2349 3187 vitae
2371 3130 2696 3186 advolabunt
2716 3172 2731 3196 ,
2760 3140 2817 3186 et
2845 3146 3097 3185 aurarum
3130 3130 3344 3187 turbine
3369 3173 3384 3196 ,
3430 3130 3485 3187 id
3514 3138 3640 3198 est,

1968 3226 2015 3291 C
2048 3224 2245 3282 diaboli
2279 3224 2474 3295 spiritu
2499 3222 2738 3295 flatuque
2783 3232 3008 3292 vexatae,
3067 3233 3337 3297 tamquam
3384 3227 3438 3281 in
3478 3226 3645 3282 ramis

423 3353 476 3408 i.
525 3348 750 3405 Verbum
794 3342 893 3399 Dei
931 3358 1033 3398 non
1073 3336 1281 3412 capiunt
1307 3352 1369 3391 ao
1398 3332 1629 3390 Ecclesia
1666 3327 1844 3384 alieni.
1876 3354 1948 3367 ——
2048 3318 2260 3375 arboris
2287 3318 2657 3390 acquiescent.

351 3448 421 3503 In
445 3445 539 3501 illa
561 3443 643 3498 die
668 3441 792 3498 exiit
811 3438 842 3493 Ι
851 3454 967 3494 esus
992 3478 1007 3502 ,
1039 3443 1087 3490 et
1111 3430 1315 3487 sedebat
1342 3444 1490 3484 secus
1515 3440 1657 3490 mare
1696 3440 1715 3477 :
1753 3432 1798 3478 et
1827 3436 1951 3475 con-

364 3548 586 3614 gregata:
607 3543 724 3592 sunt
746 3531 815 3587 ad
835 3547 947 3587 eum
966 3528 1146 3589 turbat,
1161 3526 1235 3579 ita
1247 3532 1304 3577 ut
1322 3523 1375 3576 in
1396 3517 1688 3575 naviculam
1711 3512 1952 3570 ascende-

354 3602 432 3688 ret
453 3602 480 3700 ἱ
504 3626 688 3684 Matth.
717 3640 831 3688 xm.
865 3623 891 3678 1
926 3628 974 3675 et
1000 3618 1060 3690 ἓ)
1093 3634 1107 3672 :
1139 3613 1362 3672 Sedisse
1393 3611 1679 3666 Dominum
1709 3610 1761 3660 in
1795 3602 1951 3668 navi,

358 3731 415 3780 et
442 3695 627 3777 turbas
662 3718 793 3772 foris
813 3714 1062 3777 stetisse,
1102 3724 1168 3763 ex
1196 3704 1452 3774 subjectis
1492 3700 1656 3756 rebus
1682 3704 1766 3752 est
1793 3695 1952 3750 ratio.

361 3815 419 3870 In
444 3810 713 3885 parabolis
745 3807 886 3863 enim
912 3812 1029 3860 erat
1072 3800 1350 3856 locuturus
1380 3813 1394 3850 :
1429 3802 1485 3850 et
1524 3790 1648 3847 facti
1680 3789 1835 3844 istius
1864 3801 1957 3857 ge-

359 3879 491 3963 nere
527 3899 796 3975 significat
819 3911 947 3964 eos,
990 3892 1080 3965 qui
1110 3898 1263 3947 extra
1297 3884 1592 3942 Ecclesiam
1622 3879 1782 3952 positi
1810 3887 1956 3944 sunt,

364 3998 567 4055 nullam
582 3971 770 4050 divini
804 3987 1072 4045 sermonis
1099 3996 1296 4054 capere
1332 3992 1491 4050 posse
1531 3971 1957 4045 intelligentiam.

2123 3413 2177 3468 5.
2209 3410 2444 3467 Christus
2470 3411 2525 3466 in
2552 3411 2680 3483 lege,
2707 3411 2969 3484 praphetis
2999 3420 3047 3467 et
3068 3412 3648 3486 evangeliis.—-Simile
3700 3408 3703 3411 ’

2053 3516 2125 3563 est
2148 3522 2359 3578 regnum
2379 3505 2625 3561 (telorum
2645 3508 2925 3576 fermento,
2969 3506 3109 3577 quod
3149 3515 3419 3578 acceptum
3462 3507 3650 3562 mulier

2054 3599 2320 3654 abscondit
2336 3600 2388 3652 in
2411 3598 2596 3669 farina:
2616 3598 2867 3652 mensuris
2893 3596 3077 3665 tribus,
3102 3596 3267 3651 donec
3290 3598 3651 3667 fermentatum

2057 3701 2129 3746 est
2151 3701 2309 3746 totum
2344 3689 2506 3760 (Ibid.
2539 3688 2651 3760 53).
2689 3688 3031 3745 Fermentum
3055 3689 3123 3744 de
3152 3688 3322 3745 farina
3351 3699 3470 3757 est,
3507 3690 3653 3760 quod

2058 3785 2311 3839 virtutem
2355 3791 2629 3852 acceptam
2680 3795 2876 3836 acervo
2907 3781 3122 3851 generis
3147 3780 3232 3835 sui
3273 3780 3470 3837 reddit.
3521 3780 3659 3838 Huic

2061 3892 2120 3934 se
2150 3876 2406 3933 Dominus
2426 3874 2789 3944 comparavit,
2823 3873 2966 3943 quod
2989 3881 3270 3943 acceptum
3307 3873 3529 3940 mulier,
3559 3888 3658 3944 sy-

2062 3985 2267 4042 nagoga
2298 3968 2541 4035 scilicet,
2575 3980 2669 4036 per
2703 3964 2966 4035 judicium
2992 3966 3185 4020 mortis
3208 3964 3531 4030 abscondit,
3566 3979 3654 4020 ar-

363 4089 527 4149 Navis
555 4088 700 4144 enim
723 4082 985 4140 Ecclesia:
1006 4088 1190 4150 typum
1221 4071 1438 4145 praefert
1462 4087 1475 4124 :
1495 4069 1636 4124 intra
1656 4080 1816 4137 quam
1841 4078 1964 4118 ver—
2062 4076 2233 4134 guens
2264 4061 2437 4132 legem
2467 4069 2517 4115 et
2545 4057 2834 4129 prophetas
2859 4056 2927 4129 (ί)
2951 4058 3244 4129 evangeliis
3264 4057 3508 4114 dissolvi.
3546 4058 3660 4115 Hoc

363 4185 492 4242 bum
523 4180 646 4236 vitae
672 4178 904 4250 positum
934 4183 989 4230 et
1015 4171 1367 4245 praedicatum
1396 4166 1472 4234 hi,
1504 4163 1597 4236 qui
1638 4170 1790 4218 extra
1816 4167 1961 4227 sunt,

2065 4162 2244 4209 autem
2275 4152 2463 4208 farinae
2494 4152 2759 4206 mensuris
2788 4149 2981 4217 tribus,
3015 4149 3069 4205 id
3099 4157 3202 4215 cst,
3230 4149 3365 4221 legis
3384 4192 3399 4218 ,
3424 4150 3660 4221 prophe-

366 4241 422 4334 et
447 4289 627 4332 arena:
648 4241 812 4327 modo
839 4241 1056 4324 steriles
1079 4274 1242 4335 atque
1271 4259 1492 4316 inutiles
1511 4254 1782 4326 adjacent,
1805 4251 1966 4308 intel-
2068 4255 2242 4301 tarum
2267 4286 2283 4311 ,
2314 4242 2713 4314 evangeliorum
2751 4241 3061 4313 aequalitate
3104 4250 3451 4313 coopertum,
3481 4242 3664 4301 omnia

369 4370 538 4442 ligere
557 4381 666 4423 non
689 4369 936 4436 possunt.
960 4361 1036 4415 De
1058 4334 1327 4429 parabolis
1347 4359 1525 4407 autem
1550 4348 1664 4420 jam
1682 4363 1715 4402 a
1738 4345 1967 4402 Domino
2070 4354 2235 4395 unum
2258 4338 2423 4394 facit:
2447 4347 2504 4393 ut
2534 4335 2678 4408 quod
2705 4335 2791 4392 lex
2810 4335 3113 4403 constituit,
3143 4334 3423 4407 propheta:
3453 4336 3668 4393 nuntia-

367 4457 630 4517 absolutis
650 4454 722 4529 (ο)
749 4454 893 4526 loqui
931 4451 1165 4508 Otiosum
1188 4453 1293 4504 est.

2070 4440 2306 4496 verunt,
2350 4428 2403 4485 id
2441 4429 2615 4501 ipsum
2652 4426 3055 4499 evangeliorum
3082 4427 3420 4499 profectibus
3447 4428 3668 4500 explea-

404 4618 410 4623 ,
439 4554 496 4609 2.
521 4517 714 4623 Legem
745 4517 1082 4617 ob-inopiam
1131 4541 1255 4612 fidei
1302 4536 1637 4610 perdiderunt
1673 4529 1869 4587 Judaei.
1898 4558 1972 4573 --
1994 4615 2041 4623 _
2075 4532 2182 4579 tur.
2234 4520 2504 4592 Fiuntquc
2533 4520 2714 4577 omnia
2746 4535 2845 4590 per
2887 4517 2985 4575 Dei
3033 4518 3293 4590 Spiritum
3321 4518 3562 4590 ejusdem
3614 4527 3672 4576 et

375 4618 477 4720 Qui
666 4644 850 4713 habet,
882 4614 1086 4696 dabitur
1124 4638 1207 4705 ei,
1244 4644 1292 4691 et
1326 4630 1602 4688 abundabit
1641 4628 1773 4700 :qui
1800 4637 1971 4681 autem
1994 4615 2050 4677 Β
2077 4619 2291 4676 virtutis
2333 4625 2389 4673 et
2416 4631 2608 4673 sensus
2639 4633 2659 4671 :
2690 4615 2931 4686 nihilque
2973 4614 3116 4671 aliud
3151 4614 3219 4671 ab
3262 4614 3370 4671 alio
3398 4615 3671 4673 mensuris

375 4717 477 4799 non
506 4741 676 4805 habet,
703 4748 750 4793 et
796 4735 934 4808 quod
961 4732 1123 4806 {habet
1151 4733 1414 4802 auferetur
1443 4723 1505 4779 ab
1535 4722 1594 4779 eo
1636 4720 1812 4795 (Ibid.
1843 4719 1910 4774 12
1929 4717 1985 4803 )..

379 4835 548 4907 Regni
580 4828 838 4905 mysteria
872 4827 1005 4882 fides
1044 4820 1295 4893 percipit.
1322 4818 1447 4873 Haec
1496 4815 1550 4871 in
1592 4813 1785 4884 quibus
1823 4810 1984 4901 fuerit

2081 4710 2377 4782 aequalibus
2407 4709 2787 4767 fermentatum
2812 4706 3138 4764 dissentiens
3167 4708 3489 4780 reperietur.

2157 4807 2211 4861 6.
2241 4804 2324 4859 Ad
2351 4802 2617 4858 Trinitatis
2658 4803 2907 4856 unitatem
2948 4810 3040 4855 aut
3067 4800 3225 4855 trium
3264 4800 3494 4872 gentium
3522 4818 3678 4859 voca-

380 4892 655 5004 prdﬁciet:
677 4934 734 4983 et
760 4920 1108 4981 incrementis
1136 4913 1409 4988 profectus
1437 4909 1520 4967 sui
1560 4897 1854 4965 abundabit
1886 4921 1901 4958 :
1928 4905 1936 4959 i

2088 4898 2278 4955 tionem
2306 4895 2553 4968 prtedicta
2581 4909 2682 4949 non
2721 4901 2854 4947 recte
2890 4894 3201 4953 referuntur.
3240 4921 3314 4932 -—
3336 4892 3675 4964 Quamquam

381 4998 578 5095 quibus
599 5034 728 5077 vero
759 5032 865 5073 non
904 5012 1086 5079 fuerit,
1113 5009 1279 5066 etiam
1307 5002 1449 5077 quod
1482 5000 1681 5059 habent
1708 4998 1982 5056 auferetur

491 5269 541 5335 b')
574 5277 690 5330 Duo
719 5284 851 5326 mss.
884 5284 986 5322 non
1014 5269 1378 5335 cognoverunt.

460 5203 535 5347 ἵε)
560 5204 623 5260 In
648 5214 778 5258 mss.
799 5196 952 5254 Colb.
980 5203 1034 5251 et
1053 5191 1215 5249 Carn.
1234 5203 1299 5244 ea:
1318 5202 1374 5243 eo
1396 5200 1417 5241 :
1448 5184 1500 5241 in
1521 5181 1756 5249 caneris,
1786 5196 1851 5235 ea:
1875 5180 1968 5235 eis.

491 5280 541 5347 b)
574 5277 690 5347 Duo
719 5284 986 5347 mss.__non
1014 5269 1512 5347 cognoveruntgu‘“
1544 5325 1725 5347 mu.“
1751 5320 1949 5347 nn“

566 5320 1035 5416 Eiij'uéiiiaaisum
1062 5320 1726 5416 p'mpositm‘iunter.titulos

387 5393 551 5474 Iae‘dé
573 5393 861 5472 iniiinii
881 5393 1076 5465 bonum'
1099 5393 1288 5474 semen,
1317 5407 1372 5455 et
1399 5398 1461 5451 de
1486 5396 1690 5474 zizania
1710 5404 1759 5448 et
1786 5393 1976 5474 tritico.

392 5464 846 5546 ᾖἶηὶτᾶέῶξῖιῶ
864 5480 1009 5536 videt
1036 5475 1215 5531 titulos
1237 5464 1359 5528 illos
1376 5467 1722 5546 ,ηοιῃςι-υξιηγ
1732 5464 1980 5533 superius

392 5537 1045 5617 ii'c'iini'éiiiim'bbnuere,
1069 5547 1314 5619 quamvis
1341 5541 1422 5597 eis
1451 5537 1685 5594 Hilarius
1708 5542 1818 5589 tam
1847 5548 1982 5604 pau-

392 5633 474 5690 cis
500 5627 816 5687 satisfaciat.

468 5683 553 5774 (d)
570 5683 648 5757 ‘ii.’
664 5683 876 5769 aliquot
896 5708 1026 5751 mss.
1057 5689 1179 5764 quia
1208 5683 1383 5756 ﬁdem.

2089 4994 2157 5051 ad
2187 4991 2312 5050 fidei
2358 4990 2438 5064 (g)
2477 4994 2874 5046 sacramentum
2896 5028 2911 5053 ,
2945 4984 2998 5041 id
3027 4993 3144 5054 est,
3173 4984 3241 5041 ad
3262 4985 3438 5043 Patris
3475 4996 3532 5045 et
3556 4987 3679 5045 Filii

2079 5177 2221 5233 male
2240 5180 2420 5247 potest
2449 5170 2636 5229 referri
2659 5168 2725 5226 ad
2748 5164 3165 5247 Salutare.ANon
3194 5177 3468 5226 mutamus
3497 5179 3679 5247 tamen

2078 5237 2365 5305 lectionem
2388 5251 2686 5309 receptam,
2716 5255 2875 5311 quam
2905 5237 3231 5311 conﬁrmant
3257 5256 3388 5296 mss.
3438 5256 3547 5296 non
3578 5243 3681 5296 mi—

2081 5335 2184 5376 nus
2211 5316 2432 5373 sinceri.
2466 5312 2684 5382 Lipsius
2713 5322 2907 5384 autem?
2934 5310 3002 5366 de
3029 5324 3128 5366 suo
3166 5320 3506 5382 expunxerat
3543 5328 3684 5384 prae-

2084 5390 2415 5464 positionem
2438 5386 2493 5464 in
2520 5393 2646 5464 unus
2676 5383 3098 5464 plenitgdinem.“
3546 5383 3554 5384 ί
3666 5414 3671 5421 .

2158 5460 2224 5535 (f)
2261 5458 2386 5516 Sola
2408 5455 2574 5535 editio
2597 5450 2719 5535 Par.
2742 5469 2805 5508 ea:
2824 5450 3122 5524 Evangeliis
3144 5469 3165 5507 :
3188 5463 3297 5509 tum
3320 5464 3535 5512 czetera:
3560 5470 3684 5515 cum

2090 5525 2300 5604 aliquot
2320 5543 2450 5585 mss.
2487 5525 2783 5580 dissolutos.

2162 5623 2255 5696 (g)g
2278 5619 2466 5677 Obiter
2490 5616 2935 5696 observare‘licet
2968 5618 3282 5696 mysterium
3310 5618 3598 5696 Trinitatis
3616 5621 3688 5679 ab

2091 5687 2297 5751 Hilario
2319 5698 2698 5747 sacramentum
2724 5687 3176 5762 ﬁdeinuncupari
3194 5699 3311 5762 (aut
3334 5706 3473 5762 quos
3492 5691 3561 5748 de
3584 5692 3690 5750 hoc

474 5759 551 5868 '(ei
578 5759 907 5868 τιιτοιιὲηξίε
928 5803 1031 5868 ηρε-
1061 5759 1132 5868 διε
1156 5769 1862 5868 “Pii‘tP‘E.Tal!2_§‘€_°P“df‘:
2090 5759 3065 5868 utf.‘fri‘:.'§?.:?f.°3::i°{$2312.3""
3084 5761 3148 5816 αθ
3166 5761 3294 5832 θέεν
3324 5759 3452 5820 θἠίε
3473 5763 3537 5820 δε
3561 5762 3687 5821 τνε-

400 5861 644 5927 etinctum
665 5880 683 5931 ;
710 5864 856 5955 quod
906 5861 1066 5918 ctiam

1119 5831 1448 5910 naitham
1478 5847 1717 5918 quinque
1740 5887 1757 5915 ,
1799 5852 1855 5900 et
1883 5856 1990 5899 non
2096 5831 2251 5893 niiate
2273 5834 2568 5893 inscribere
2592 5847 2718 5890 vere
2744 5831 2979 5888 licuerit.
