4222 6262
621 316 726 399 99's

1801 347 2049 406 sane"
2087 349 2340 409 illell
2378 331 2684 411 EPlSCOl’l

3823 357 3931 416 {96

620 467 674 510 et
701 455 932 526 Spiritus
963 457 1132 513 sancti
1157 459 1439 526 unitatem,
1471 460 1566 516 sed
1603 469 1658 517 et
1684 461 1748 516 ad
1774 463 1935 518 trium
1967 466 2208 535 gentium
2239 478 2292 538 Α
2385 469 2442 526 9.
2475 469 2789 525 Prwdieatlo
2816 467 2903 539 qui
2933 480 3057 524 rete.
3081 497 3155 512 --
3181 464 3378 526 Iterum
3410 468 3574 525 simile
3601 468 3675 526 est
3707 488 3928 544 regnum

625 550 982 616 vocationem,
1008 567 1075 607 ex
1103 552 1253 620 Sem,
1279 553 1448 609 Cham
1473 562 1529 610 et
1548 555 1762 626 Japhet,
1799 568 1907 614 tres
1933 573 2215 631 mensuras

625 639 812 692 feritate
833 655 955 696 esse
976 642 1288 700 referendas
1306 687 1320 711 ,
1347 647 1587 702 sensisse
1609 649 1807 705 multos
1849 651 2210 706 meminerim.

621 729 730 785 Sed
760 733 947 786 nescio
972 749 1040 788 an
1073 734 1174 790 hoc
1213 737 1284 790 ita
1315 738 1522 807 opinari
1555 740 1695 794 ratio
1723 742 2001 811 permittat
2048 760 2063 796 :
2090 757 2212 798 cum

628 826 843 880 tametsi
871 827 1106 882 omnium
1136 832 1378 900 gentium
1409 833 1621 889 vacatio
1645 837 1718 890 sit
1739 834 1815 905 (α)
1839 851 2009 906 mque,
2036 845 2216 892 tamen

634 915 688 969 in
725 916 808 970 his
839 916 1086 976 Christus
1109 939 1214 977 non
1246 924 1540 981 absconsus
1571 927 1675 994 sit,
1707 928 1800 984 sed
1828 939 2079 985 ostensus
2105 944 2120 995 ;
2162 939 2216 985 et

624 1007 677 1062 in
705 1017 850 1063 tanta
881 1011 1175 1068 inﬁdelium
1217 1017 1556 1074 multitudine
1598 1033 1704 1075 non
1735 1021 2116 1077 fermentatum
2145 1023 2219 1078 sit

624 1109 795 1156 totum
821 1119 834 1155 :
854 1103 904 1157 in
928 1103 1086 1162 Putre
1105 1117 1284 1163 autem
1307 1109 1470 1182 736
1489 1119 1542 1167 et
1558 1111 1692 1168 Filio
1712 1123 1766 1169 et
1787 1113 1988 1184 Spiritu
2004 1119 2213 1184 saneto,

622 1193 839 1264 (b)siue
878 1196 1102 1254 admixti
1150 1203 1489 1261 extrinsecus
1531 1205 1782 1262 tormenti
1814 1208 2136 1264 necessitate
2159 1209 2214 1263 in

617 1285 835 1342 Christo
859 1328 873 1354 ,
907 1291 1090 1346 omnia
1119 1307 1283 1348 unum
1315 1296 1444 1350 sint.

691 1379 741 1432 7.
778 1378 1070 1437 Thesaurus
1097 1385 1153 1438 in
1183 1401 1327 1456 agro,
1350 1387 1586 1442 Christus
1604 1390 1660 1443 in
1687 1388 2139 1445 carne.—~Iternm
2154 1391 2216 1445 si-

619 1470 739 1523 mile
760 1481 833 1525 est
849 1489 1057 1544 regnum
1077 1477 1318 1531 calorum
1347 1481 1584 1534 thesauro
1605 1481 1919 1549 abscondito,
1936 1491 1994 1537 et
2010 1481 2215 1553 reliqua

617 1561 832 1632 (Matth.
857 1581 968 1634 stu,
1005 1566 1119 1640 44).
1154 1569 1256 1626 Per
1277 1572 1680 1630 similitudinem
1711 1576 1952 1630 thesauri
1983 1576 2034 1630 in
2064 1591 2214 1646 agro,

617 1657 732 1726 spei
763 1667 964 1712 nostra:
991 1674 1123 1731 opes
1145 1663 1285 1717 intra
1310 1678 1370 1719 se
1395 1664 1598 1733 positas
1619 1667 1859 1722 osmndit
1882 1684 1896 1720 ε
1917 1667 2044 1737 quia
2076 1668 2217 1722 Dens

618 1749 672 1804 in
708 1750 928 1808 homine
957 1757 1026 1809 sit
1052 1768 1300 1826 repertus
1326 1799 1341 1826 ,
1370 1759 1425 1814 in
1454 1760 1606 1831 cujus
1636 1762 1866 1831 pretium
1893 1775 2082 1816 omnes
2107 1774 2215 1816 sre-

619 1845 729 1898 culi
764 1846 1058 1902 vendenda:
1081 1860 1204 1904 sunt
1232 1852 1515 1909 facultates
1541 1896 1556 1920 ,
1587 1865 1646 1909 ut
1672 1857 1896 1924 vestitu,
1930 1856 2050 1912 cibo
2075 1898 2091 1924 ,
2121 1871 2217 1927 po-
2247 1865 2293 1928 Β

623 1945 788 2008 tuque
835 1939 1186 2011 indigentium
1215 1985 1229 2007 ,
1263 1955 1496 2001 :eternas
1522 1947 1764 2002 ccclesiis
1793 1947 2034 2003 thesauri
2078 1948 2216 2004 divi-

623 2031 724 2086 tias
749 2046 1148 2102 comparemus.
1177 2035 1285 2090 Sed
1311 2038 1672 2092 contuendum
1697 2049 1801 2108 est,
1828 2039 1906 2111 (ε)
1933 2041 2216 2095 inventum

631 2123 945 2176 thesaurum
973 2133 1031 2180 et
1062 2126 1387 2182 absconsum
1417 2128 1582 2185 fuisse
1607 2144 1622 2194 ;
1655 2145 1777 2184 cum
1801 2132 1987 2202 utique
2013 2132 2099 2202 qui
2133 2133 2219 2186 in-

625 2215 804 2280 venit,
854 2225 909 2271 et
957 2230 1169 2274 secreto
1211 2230 1266 2275 et
1296 2232 1539 2292 tempore
1561 2239 1672 2295 quo
1699 2223 1977 2280 abscondit
2006 2225 2221 2282 auferre

625 2309 894 2376 potuisset
915 2351 929 2372 ,
965 2320 1021 2364 et
1043 2310 1292 2367 auferens
1334 2314 1549 2369 emendi
1578 2318 1906 2371 necessitate
1935 2319 2217 2373 caruisset.

621 2401 731 2456 Sed
759 2413 815 2456 ut
846 2403 962 2470 rei,
987 2402 1061 2458 ita
1088 2414 1143 2460 et
1175 2405 1302 2461 dicti
1333 2406 1499 2463 fuerit
1527 2410 1665 2464 ratio
1709 2409 2045 2480 explicanda.
2093 2409 2221 2466 Ideo

621 2496 766 2550 enim
809 2497 1106 2552 abseonsus
1147 2508 1230 2554 est
1261 2499 1544 2557 thesaurus
1574 2545 1588 2569 ,
1617 2503 1741 2574 quia
1789 2510 1845 2558 et
1897 2518 2085 2576 agrum
2112 2505 2220 2560 emi

621 2587 928 2654 oportebat.
987 2588 1298 2646 Thesaurns
1349 2595 1493 2647 enim
1541 2593 1596 2648 in
1643 2609 1797 2667 agro,
1841 2603 1902 2650 ut
1948 2596 2218 2660 diximus,

619 2676 865 2733 Christus
891 2680 1207 2751 intelligitur
1239 2683 1288 2736 in
1321 2698 1506 2749 carne,
1535 2699 1693 2755 quem
1725 2687 1994 2742 invenisse
2021 2685 2104 2758 (ά)
2136 2693 2224 2742 est

621 2771 934 2841 gratuitum.
967 2773 1382 2845 Evangeliornm
1430 2777 1573 2833 enim
1620 2778 1931 2848 prmdicatio
1973 2781 2031 2833 in
2061 2779 2219 2834 abso-

620 2861 733 2918 luto
759 2875 841 2918 est
869 2905 882 2928 ,
907 2866 1002 2920 sed
1027 2869 1212 2923 utendi
1231 2880 1282 2924 et
1309 2869 1617 2940 possidendi
1641 2871 1802 2942 hujus
1828 2873 2071 2928 thesauri
2093 2885 2219 2928 cum

616 2969 746 3025 agro
777 2966 1016 3026 potestas
1045 2977 1151 3014 non
1197 2971 1374 3031 potest
1417 2977 1538 3019 esse
1569 2965 1684 3020 sine
1711 2966 1918 3036 pretio;
1952 2966 2076 3036 quia
2106 2980 2220 3023 cm-

617 3046 780 3104 lostes
808 3049 1011 3106 divitiae
1039 3068 1145 3108 non
1169 3055 1274 3109 nisi
1305 3055 1508 3112 damno
1525 3058 1706 3112 saeculi
1741 3059 2106 3128 possidentur.

687 3139 742 3194 8.
776 3139 1086 3213 Negotialor
1105 3187 1120 3212 ,
1152 3164 1184 3200 a
1231 3149 1340 3219 lege
1367 3148 1436 3201 ad
1462 3147 1799 3220 Evangelium
1845 3152 2115 3206 transiens.
2155 3178 2215 3192 -ο

2321 564 2569 634 caelorum
2618 566 2714 620 reti
2764 565 3006 620 missoin
3053 581 3195 620 mare
3220 606 3234 632 ,
3265 573 3322 620 et
3371 561 3576 634 reliqua
3605 565 3764 636 (Ibid.
3802 569 3924 638 47).

2321 658 2511 714 Merito
2544 658 2984 728 praedicationem
3013 675 3166 715 suam
3196 662 3299 715 reti
3328 662 3695 730 comparavit,
3722 675 3848 732 quae
3867 665 3927 716 in

2319 751 2576 806 sasculum
2606 752 2847 819 veniens,
2883 754 2998 807 sine
3021 753 3206 809 szeculi
3228 753 3423 807 damno
3453 751 3757 808 habitantes
3787 754 3928 807 intra

2320 843 2577 898 sacculum
2617 843 2987 916 congregavit,
3015 845 3178 902 modo
3218 845 3371 912 retis,
3398 844 3542 916 quod
3572 860 3726 900 mare
3759 860 3928 915 pene-

2322 947 2468 992 trans
2496 939 2567 992 ita
2595 939 2777 1010 agitur
2807 940 2874 994 de
2901 939 3168 1010 profundo
3193 980 3207 1005 ,
3240 947 3299 994 ut
3333 953 3431 1010 per
3469 954 3631 995 omne
3660 940 3928 996 elementi

2320 1031 2464 1087 illius
2502 1045 2704 1105 corpus
2741 1035 2980 1090 evadens
3003 1076 3018 1101 ,
3057 1036 3276 1090 clausos
3302 1034 3440 1090 intra
3477 1034 3741 1089 ambitum
3767 1049 3929 1089 suum

2319 1125 2568 1180 extrahat
2591 1167 2605 1193 ,
2639 1139 2848 1198 nosque
2883 1142 2947 1182 es
2977 1126 3178 1182 saequ
3205 1126 3260 1182 in
3283 1126 3462 1182 lumen
3486 1126 3600 1181 veri
3627 1126 3764 1181 solis
3790 1125 3928 1181 etla-

2318 1226 2405 1272 cat
2437 1235 2450 1271 :
2489 1219 2541 1274 in
2572 1219 2838 1276 bonorum
2865 1219 3131 1277 electione
3149 1261 3165 1289 ,
3194 1220 3538 1274 etmalorum
3567 1218 3884 1290 abjectione
3906 1259 3925 1286 ,

2317 1310 2480 1366 futuri
2509 1311 2699 1382 iudicii
2717 1325 2946 1368 examen
2971 1312 3286 1368 ostendens.

2805 1421 2966 1496 737
3004 1421 3235 1480 CAPUT
3274 1421 3414 1478 xw.

2320 1537 2397 1594 De
2422 1540 2587 1596 scriba
2617 1541 2672 1595 in
2696 1556 2854 1614 regno
2901 1542 3167 1611 calorum,
3205 1545 3268 1597 de
3303 1541 3550 1613 fratribus
3586 1551 3638 1596 et
3663 1541 3925 1596 sororibus

2394 1633 2634 1699 Domini,
2683 1635 2746 1690 de
2787 1634 3008 1692 Joannis
3059 1637 3227 1709 capite
3275 1637 3328 1690 in
3378 1637 3560 1704 disco,
3589 1637 3654 1691 de
3701 1640 3926 1707 quinque

2392 1731 2608 1798 panibus
2633 1742 2679 1786 et
2710 1733 2908 1787 duobus
2931 1732 3174 1802 piscibus,
3200 1733 3286 1788 ubi
3306 1750 3465 1805 supra
3496 1749 3638 1788 mare
3667 1733 3922 1803 ambulat,

2391 1833 2440 1877 et
2473 1823 2686 1879 Petrum
2714 1843 2936 1882 mersura
2958 1829 3139 1882 erexit.

2396 1937 2446 1990 Ι.
2478 1937 2813 1994 Ιιιιειιεπὸειίσ
2843 1940 2954 1994 hac
2978 1940 3193 1994 omnia?
3238 1937 3435 1994 Dicunt
3466 1941 3514 1994 ei
3535 1981 3549 2006 ,
3603 1944 3789 2011 utique.
3842 1941 3918 1996 Et

2322 2030 2395 2084 ait
2417 2030 2527 2084 illis
2571 2046 2590 2086 :
2621 2029 2748 2086 Ideo
2778 2033 2940 2086 omnis
2966 2033 3131 2086 milia
3161 2031 3340 2087 datm
3363 2032 3418 2086 in
3447 2049 3600 2103 regno
3629 2034 3875 2086 ratorum
3897 2072 3920 2100 ,

2322 2131 2428 2178 etc.
2470 2123 2685 2195 (Matth.
2714 2141 2846 2190 unt,
2869 2121 2938 2179 5i
2967 2135 3016 2180 et
3045 2125 3158 2196 52).
3208 2125 3323 2180 Non
3370 2126 3576 2193 turbis,
3627 2127 3723 2181 sed
3759 2127 3931 2180 disci—

2325 2215 2467 2284 pulis
2494 2224 2579 2271 est
2605 2216 2853 2279 loeutus;
2882 2228 2938 2272 et
2961 2218 3383 2288 intelligentibus
3397 2219 3688 2289 parabolas
3703 2219 3929 2290 dignum

2327 2309 2693 2365 testimonium
2726 2311 2925 2377 reddit,
2957 2317 3106 2380 ipsos
3131 2311 3342 2368 scilicet
3367 2313 3468 2367 sub
3496 2315 3667 2383 patris
3703 2312 3931 2368 familia:

2325 2405 2545 2459 nomine
2569 2404 2674 2459 sibi
2699 2420 3044 2476 comparans,
3073 2405 3220 2476 quod
3246 2405 3550 2461 doctrinam
3570 2406 3642 2462 de
3664 2407 3931 2463 thesauro

2323 2509 2422 2549 suo
2470 2511 2740 2552 novorum
2779 2497 2855 2566 (e)
2887 2513 2951 2552 ac
2991 2505 3234 2553 veterum
3282 2500 3390 2554 sint
3416 2498 3600 2569 adepti
3631 2517 3646 2553 :
3676 2515 3931 2570 quosque

2325 2590 2530 2646 scribas
2560 2602 2778 2661 propter
2801 2591 3085 2647 scientiam
3115 2602 3422 2663 nuncupat,
3462 2595 3610 2664 quod
3644 2594 3930 2650 intellexe-

2323 2683 2431 2736 rint
2461 2697 2544 2749 ea,
2574 2699 2696 2754 qua:
2724 2683 2812 2738 ille
2844 2699 2980 2738 nova
3009 2695 3064 2739 et
3088 2694 3296 2748 vetera,
3323 2685 3373 2740 id
3395 2695 3498 2750 est,
3529 2687 3580 2740 in
3614 2686 3928 2758 Evangeliis

2322 2784 2376 2830 et
2402 2776 2453 2830 in
2485 2775 2604 2846 lege
2643 2777 2958 2846 protulerit,
3000 2777 3066 2848 (Γ)
3096 2785 3152 2833 ct
3194 2777 3434 2849 ejusdem
3482 2779 3926 2850 patrisfamilias,

2321 2876 2379 2923 et
2401 2869 2556 2923 unius
2581 2880 2811 2940 utraque
2839 2868 3101 2925 thesauri.

2393 2959 2449 3012 2.
2480 2957 2550 3012 Et
2576 2959 2768 3029 factum
2797 2969 2872 3014 est
2894 3003 2906 3026 ,
2933 2973 3050 3014 cum
3081 2970 3483 3016 consummasset
3511 2960 3667 3018 Iesu
3703 2966 3928 3034 parabo-

2323 3052 2400 3106 las
2423 3053 2571 3118 istas,
2601 3053 2810 3106 transiit
2833 3052 2975 3115 inde,
3007 3061 3054 3107 et
3086 3054 3290 3106 milia
3314 3053 3540 3123 patriam
3563 3070 3734 3119 suain,
3760 3067 3818 3110 et
3839 3072 3927 3111 re-

2322 3145 2462 3216 liqua
2489 3145 2651 3217 (Ibid.
2684 3145 2800 3216 5’5).
2841 3145 3200 3200 Inhonoratnr
3219 3146 3479 3218 Dominus
3505 3161 3535 3200 a
3563 3147 3699 3202 suis.
3721 3147 3926 3216 Quam-

618 3231 689 3287 Et
710 3232 780 3288 de
811 3237 1098 3306 margarita
1145 3253 1238 3308 par
1265 3242 1402 3294 ratio
1431 3251 1515 3296 est
1544 3240 1708 3316 (Ibid.
1735 3242 1852 3314 45).
1883 3243 1989 3298 Sed
2017 3243 2083 3298 ad
2123 3257 2220 3300 ne-
2243 3255 2291 3322 C
2323 3254 2482 3308 quam
2521 3247 2575 3292 et
2601 3235 2831 3292 docendi
2865 3236 3146 3306 prudentia
3173 3277 3188 3298 ι
3229 3249 3287 3294 ‘et
3313 3238 3577 3306 ottormdi
3623 3240 3800 3296 virtus
3829 3242 3927 3296 ad-

614 3327 934 3397 gotiatorem
961 3331 1165 3400 jamdiu
1219 3333 1270 3386 in
1325 3333 1442 3404 lege
1475 3346 1779 3390 versantem
1809 3337 2098 3406 proficiens
2127 3336 2215 3392 hic

612 3434 796 3474 sermo
825 3433 909 3475 est
931 3463 947 3488 ,
978 3423 1069 3493 qui
1101 3424 1257 3493 longo
1285 3439 1346 3479 ac
1371 3425 1580 3481 diutino
1608 3427 1794 3482 labore
1835 3427 1900 3482 ad
1954 3429 2214 3499 margari-

612 3519 682 3566 tae
707 3514 990 3568 scientiam
1019 3517 1359 3584 pervenerit,
1403 3526 1456 3573 et
1495 3533 1557 3572 ea
1583 3533 1708 3589 quas
1749 3519 1852 3574 sub
1879 3533 2050 3576 onere
2077 3520 2212 3591 legis

612 3606 841 3677 adeptus
869 3609 974 3672 sit,
999 3608 1360 3680 derelinquat.
1395 3610 1494 3665 Diu
1519 3612 1662 3666 enim
1689 3620 1773 3667 est
1796 3614 2123 3683 negotiatus,
2159 3625 2214 3670 et

611 3702 957 3771 margaritam
1003 3701 1290 3772 aliquando
1317 3702 1529 3773 qualern
1579 3703 1801 3773 optabat
1845 3704 2050 3760 invenit
2082 3723 2094 3759 :
2123 3705 2208 3760 cui

608 3803 664 3852 et
695 3797 851 3851 anius
878 3797 1040 3867 hujus
1071 3797 1360 3852 desiderati
1393 3796 1588 3867 lapidis
1617 3799 1872 3869 pretium,
1898 3799 2091 3869 reliqui
2112 3799 2199 3854 ela-

607 3889 754 3945 boris
775 3889 987 3960 jactura
1017 3897 1103 3945 est
1129 3891 1576 3960 comparandum.

680 4071 759 4146 (η)
782 4074 944 4146 Abest
964 4090 1107 4144 teque
1127 4074 1193 4128 ab
1213 4074 1416 4144 aliquot
1434 4073 1618 4145 proba:
1647 4083 1788 4146 notae
1808 4088 1938 4128 mss.
1962 4073 2019 4128 In
2043 4073 2195 4141 Sem,

607 4143 776 4214 etiam
810 4156 862 4200 et
890 4143 1085 4214 Japhet
1109 4143 1546 4200 omnesomtiino
1575 4145 1821 4201 homines
1864 4147 1978 4200 sive
2021 4147 2197 4214 genti-

607 4213 856 4338 lcs4sivu:
884 4216 1102 4270 Judazos
1127 4218 1392 4272 contineri
1422 4218 1627 4272 diserte
1656 4218 1915 4272 asseritur
1934 4259 1948 4283 ,
1979 4213 2098 4288 cap.
2127 4219 2160 4272 8
2183 4257 2198 4282 ,

607 4299 663 4338 n.
739 4326 750 4338 .

605 4299 663 4338 Π.
696 4299 750 4338 4.

679 4355 755 4426 (ιι)
789 4355 932 4410 Edili
952 4396 966 4418 ,
993 4356 1046 4408 in
1069 4372 1128 4410 ea
1155 4355 1376 4410 admixti
1409 4357 1721 4411 extrinsecus
1768 4357 2004 4426 {ertnenti
2035 4373 2205 4413 neces-

605 4427 754 4482 sitate
777 4429 832 4497 in
862 4426 1063 4480 Christo
1092 4428 1266 4480 omnia
1309 4443 1470 4482 unm
1520 4438 1636 4482 sum
1671 4431 2077 4484 :euiendantnr
2120 4445 2192 4484 ex

604 4513 750 4564 saepe
782 4497 1012 4552 laudatis
1041 4513 1170 4553 mss.
1200 4497 1385 4564 Carm,
1421 4499 1606 4562 Rom.,
1640 4499 1813 4553 Vatic.
1848 4512 1902 4556 et
1924 4501 2076 4556 Coll).
2111 4503 2201 4556 Ili-

602 4569 799 4624 1nrium
830 4569 928 4622 sibi
961 4583 1311 4640 temperasse,
1341 4569 1628 4640 quominus
1673 4571 1932 4640 Spiritum
1957 4581 2198 4627 sanctum

609 4640 779 4694 Deum
811 4640 1050 4704 diceret,
1080 4642 1150 4693 iis
1202 4642 1381 4696 verbis
1429 4650 1716 4694 anttotarat
1745 4643 2005 4696 Erasmus
2030 4683 2045 4708 ,
2066 4657 2198 4710 qua:

607 4711 822 4767 dubiam
856 4712 1085 4766 illiusde
1108 4711 1338 4783 Spiritus
1377 4715 1549 4767 sancti
1578 4713 1858 4768 divinitate
1886 4713 2045 4768 ﬁdem
2075 4715 2195 4768 elli-

606 4796 730 4836 cere
760 4783 951 4854 idonea
980 4794 1180 4838 essent.
1213 4784 1316 4839 Sed
1347 4786 1432 4839 vel
1470 4799 1537 4840 ex
1581 4785 1682 4839 hoc
1707 4801 1814 4854 uno
1845 4785 1963 4840 loco
1993 4783 2195 4840 affatim

604 4853 884 4908 refellitur.
908 4851 964 4909 Si
983 4856 1132 4909 enim
1157 4854 1390 4923 Spiritus
1415 4866 1634 4910 sanctus
1657 4870 1776 4908 cum
1804 4851 1961 4911 Patre
1988 4865 2040 4909 et
2062 4853 2197 4910 Filio

601 4939 696 4994 per
741 4927 910 4978 omnia
939 4941 1140 4992 unum;
1170 4941 1290 4980 cum
1332 4935 1556 4996 utroque
1607 4941 1711 4980 non
1775 4926 1933 4979 modo
1978 4927 2196 4980 Dei-no-

602 4996 769 5059 mine,
801 4997 893 5052 sed
920 5006 974 5050 et
1001 4997 1219 5061 virtute,
1241 4997 1524 5067 dignitate,
1553 4997 1779 5064 honore,
1810 5007 1996 5051 natura
2020 5037 2035 5059 ,
2062 4998 2196 5052 sub-

603 5069 798 5120 stantia
841 5083 1005 5121 unum
1053 5069 1123 5121 sit
1149 5083 1371 5123 necesse
1408 5075 1512 5122 est.
1541 5069 1638 5133 Qui
1673 5069 1774 5121 hoc
1827 5067 1965 5122 haud
1995 5069 2190 5123 dubius

603 5138 834 5209 asseruit
863 5181 876 5203 ,
925 5154 1034 5193 non
1075 5138 1256 5192 timuit.
1298 5153 1429 5193 sane
1459 5179 1472 5204 ,
1524 5154 1593 5194 ne
1636 5137 1896 5209 Spiritum
1945 5149 2187 5193 sanctum

602 5207 770 5262 Deum
814 5209 1042 5265 dicendo
1070 5249 1084 5273 ,
1133 5211 1251 5278 plus
1282 5210 1330 5264 ei
1356 5223 1515 5279 quam
1569 5207 1853 5275 pariesset
1901 5209 2186 5265 tribueret.

597 5279 739 5345 Quid
775 5289 952 5334 autem
984 5279 1128 5334 aliud
1159 5280 1318 5335 docet
1343 5321 1357 5344 ,
1396 5281 1486 5350 qui
1535 5281 1754 5335 Patrem
1811 5289 1866 5335 et
1893 5280 2087 5336 Filium
2137 5290 2192 5335 et

599 5352 862 5417 Spiritum
891 5359 1132 5406 sanctum
1165 5367 1259 5420 per
1289 5366 1350 5406 se
1377 5368 1538 5405 unum
1582 5365 1702 5406 esse
1739 5357 1972 5419 asserit,
1999 5363 2053 5407 et
2079 5367 2188 5406 non

601 5425 940 5478 extrinsecus
971 5426 1021 5477 in
1054 5423 1270 5477 Christo
1293 5465 1306 5484 .
1354 5437 1449 5492 per
1487 5422 1810 5478 fermentum
1855 5425 2192 5478 estrinsecus

597 5492 898 5548 admixtum
956 5494 1222 5564 figurato?
1255 5493 1332 5547 Ex
1364 5510 1469 5564 quo
1503 5505 1648 5563 patet
1671 5496 1838 5549 verba
1861 5496 1923 5547 in
1963 5495 2189 5562 Christo,

599 5563 858 5635 adultum
885 5563 1012 5632 sint,
1043 5567 1092 5619 in
1121 5565 1268 5633 prius
1293 5563 1518 5635 vulgatis
1545 5567 1682 5620 male
1715 5565 1879 5620 fuisse
1909 5565 2099 5620 relata.

670 5632 742 5708 (ε)
777 5636 888 5691 Hoc
913 5645 1020 5702 est,
1051 5632 1148 5691 cur
1189 5632 1574 5708 inventus‘non
1612 5638 1800 5692 statim
1825 5635 2037 5691 ablatus
2076 5635 2195 5691 iuc-

599 5705 707 5770 rit';
726 5705 857 5778 cum
887 5717 940 5762 et
969 5715 1179 5762 secreto
1205 5707 1393 5763 liceret
1418 5747 1433 5774 ,
1465 5716 1520 5762 et
1541 5717 1761 5778 tempus
1779 5749 1794 5776 ,
1823 5722 1934 5778 quo
1963 5708 2194 5762 abscons-

602 5789 696 5826 sus
723 5776 842 5839 fuit,
867 5778 933 5830 ad
967 5777 1017 5831 id
1042 5778 1334 5832 sufﬁceret.

678 5843 755 5912 (ά)
789 5845 916 5898 Bad.
945 5885 960 5911 ,
993 5845 1085 5900 Er.
1113 5885 1128 5912 ,
1163 5846 1387 5916 Lips.et
1411 5861 1664 5904 sextum.
1710 5855 1783 5903 est
1814 5857 2026 5917 gratum
2065 5848 2191 5904 :cui

2321 3330 2665 3386 mirationem
2709 3341 3109 3396 commoveret;
3157 3330 3450 3387 inﬁdelitas
3494 3343 3673 3387 tamen
3729 3348 3926 3388 eorum

2321 3426 2601 3480 Veritatem
2632 3425 2818 3496 judicii
2845 3439 2951 3479 non
2978 3425 3192 3495 recipit.
3221 3425 3338 3480 Non
3364 3427 3509 3481 enim
3538 3427 3766 3482 credunt
3791 3429 3916 3484 haec

2321 3516 2373 3571 in
2395 3517 2617 3572 homine
2649 3517 2816 3571 Deum
2855 3530 3014 3586 agere
3053 3517 3220 3586 :quin
3248 3517 3415 3573 etiam
3453 3527 3652 3588 patrem
3695 3517 3872 3586 ipsius
3903 3559 3918 3582 ,

2321 3621 2573 3674 matrem,
2606 3609 2912 3679 fratresque
2933 3617 3263 3678 nuncupant,
3293 3618 3351 3664 et
3369 3621 3606 3679 paternas
3629 3609 3760 3664 artis
3786 3626 3924 3679 quo-

2317 3705 2444 3758 dam
2475 3703 2768 3774 opprobrio
2809 3702 3080 3758 lacessunt
3105 3702 3284 3772 (Ibid.
3315 3701 3384 3758 55
3403 3701 3444 3774 ).
3493 3703 3603 3758 Sed
3635 3702 3800 3772 plane
3829 3703 3924 3760 hic

2315 3793 2454 3850 fabri
2479 3803 2597 3850 erat
2623 3793 2770 3848 ﬁlius
2793 3833 2809 3860 ,
2846 3792 3047 3848 ferrum
3075 3793 3203 3864 igne
3231 3795 3495 3850 vincentis
3516 3835 3533 3861 ,
3562 3809 3782 3850 omnem
3813 3810 3921 3851 Ste-

2313 3888 2425 3945 culi
2476 3888 2729 3943 virtutem
2769 3885 2855 3959 (τι)
2891 3886 3094 3956 judicio
3131 3887 3525 3958 decoquentis,
3575 3903 3924 3961 crassumque

2304 4071 2528 4128 lectioni
2558 4070 2697 4126 favet
2737 4070 2866 4125 illud
2899 4086 2913 4124 :
2968 4085 3118 4141 quem
3157 4071 3246 4140 qui
3272 4070 3461 4126 inuenit
3487 4073 3676 4137 hanno,
3705 4073 3923 4129 abscon-

2306 4146 2412 4205 dit,
2451 4156 2496 4198 et
2527 4159 2637 4214 pra:
2663 4142 2857 4216 gaudia
2891 4141 3034 4216 illius
3075 4143 3231 4196 vadit.
3264 4146 3512 4198 Attamen
3537 4159 3660 4199 cum
3702 4144 3823 4200 Par.
3854 4155 3914 4202 et

2308 4212 2538 4286 quatuor
2560 4212 2688 4288 mss.
2722 4212 3114 4288 praeferendum
3139 4227 3260 4288 esse
3288 4224 3362 4268 est
3383 4216 3678 4288 gratuitum,
3705 4218 3903 4271 suadet

2310 4283 2552 4342 subnexa
2576 4285 2742 4353 hujus
2771 4285 2898 4338 dicti
2937 4286 3075 4337 ratio
3109 4301 3123 4336 :
3162 4283 3565 4354 Euatrgelfio‘rum
3602 4287 3732 4340 enim
3763 4303 3909 4354 pric-

2307 4359 2499 4411 dicatio
2519 4359 2575 4410 iu
2601 4355 2834 4410 absoluto
2859 4364 2937 4409 est
2957 4395 2974 4420 ,
3026 4355 3129 4410 hoc
3157 4367 3271 4418 est,
3321 4358 3533 4426 publica
3561 4368 3618 4412 ct
3649 4358 3916 4414 omnibus

2313 4438 2526 4499 patens,
2555 4444 2659 4498 qua
2684 4429 2793 4482 fere
2823 4426 3030 4481 ratione
3051 4441 3170 4499 cap.
3202 4426 3290 4490 14,
3315 4445 3370 4484 ιι.
3405 4430 3488 4490 17,
3515 4428 3714 4483 dicitur
3738 4447 3752 4484 :
3773 4427 3916 4484 Cou-

2310 4497 2468 4572 fessio
2492 4497 2844 4572 uniuersorum
2874 4506 3050 4572 tumet
3076 4497 3311 4552 absoluta
3342 4512 3387 4552 et
3416 4499 3624 4572 publica
3644 4502 3766 4572 erit.

2387 4572 2458 4643 (e)
2517 4569 2846 4643 Vocabulum
2903 4568 3130 4643 Spiritus
3180 4571 3343 4622 sancti
3375 4571 3514 4639 apud
3545 4570 3715 4634 Bad.,
3773 4570 3877 4625 Er.
3901 4615 3917 4639 ,

2305 4640 2457 4712 Lips.
2485 4651 2540 4697 et
2565 4643 2622 4696 in
2655 4641 2858 4710 aliquot
2885 4653 3018 4693 mss.
3054 4640 3140 4694 hic
3173 4655 3454 4708 pet-peram
3481 4646 3747 4697 insertum
3782 4652 3873 4696 est
3895 4662 3916 4697 ε

2305 4728 2428 4770 Cum
2475 4713 2778 4769 doctrinam
2823 4725 3088 4766 novorum
3131 4722 3185 4764 et
3223 4722 3464 4766 veterum
3521 4713 3919 4782 interpretetur

2308 4784 2543 4839 Hilarius
2565 4782 2865 4838 doctrinam
2896 4783 3025 4850 legis
3049 4791 3102 4835 et
3131 4783 3558 4852 evangeliorum,
3588 4799 3651 4836 ac
3680 4785 3771 4838 lex
3799 4802 3914 4839 non

2304 4859 2486 4910 minus
2514 4871 2646 4925 opus
2676 4855 2745 4908 sit
2769 4853 3006 4925 Spiritus
3029 4854 3210 4906 sancti
3248 4869 3408 4923 quam
3427 4855 3817 4925 i'Evangeltum.
3849 4856 3912 4911 Si

2304 4930 2521 4994 quidem
2551 4922 2835 4981 thesaurus
2853 4922 3096 4978 Christus
3119 4933 3199 4978 est
3223 4940 3236 4988 ;
3263 4922 3510 4978 doctrina
3535 4922 3908 4994 demessum,

2299 4998 2554 5053 doctrina
2583 5000 2650 5052 de
2669 4996 3031 5068 Christoest,
3061 5011 3181 5065 quae
3221 4999 3280 5050 in
3322 4996 3442 5066 lege
3489 4997 3693 5068 pariter
3741 5006 3797 5052 et
3853 4998 3911 5053 iu

2302 5070 2594 5137 Evangelio
2627 5067 2954 5122 continetur.

2373 5141 2529 5214 ([)‘ld
2557 5151 2666 5204 est,
2701 5154 2820 5214 quae
2851 5139 2965 5214 lege
2995 5145 3050 5191 ct
3093 5137 3383 5214 Evangelia
3433 5138 3782 5214 continentur
3808 5179 3827 5206 ,
3858 5149 3915 5196 et

2302 5207 2546 5280 cjtiSdem
2604 5207 3004 5280 patrisfamilias
3033 5219 3157 5262 sunt
3177 5249 3190 5272 ,
3223 5221 3277 5262 et
3297 5209 3375 5280 ad
3399 5225 3560 5266 unum
3592 5209 3915 5265 thesaurum

2305 5283 2595 5407 (terginum.
2639 5281 2734 5337 His
2761 5282 2934 5335 lucem
2965 5287 3227 5349 pnestant
3254 5279 3397 5334 dicta
3429 5281 3702 5350 superiori
3732 5284 3915 5351 capite

2305 5369 2359 5407 ιι.
2438 5395 2449 5406 .

2305 5369 2359 5407 n.
2396 5369 2449 5407 ἱ).

2378 5423 2455 5497 (g)
2482 5424 2586 5478 ilic
2631 5421 2822 5497 επηᾷίι
2849 5419 3084 5497 Hilarius
3135 5419 3204 5497 ad
3247 5421 3431 5490 ignem
3480 5421 3717 5497 iudicii,
3749 5422 3916 5497 cui.”

2301 5491 2630 5550 mentionem
2661 5493 2790 5549 facit
2812 5508 2929 5563 cap.
2955 5495 3021 5559 ‘2,
3053 5509 3104 5545 ιι.
3136 5491 3170 5544 4
3197 5533 3211 5558 ,
3241 5500 3296 5546 et
3316 5507 3442 5562 cap.
3477 5494 3510 5547 5
3530 5533 3544 5557 ,
3569 5508 3627 5548 ιι.
3658 5493 3744 5547 η.
3781 5491 3915 5548 Sc—

2299 5567 2406 5620 cnli
2465 5567 2722 5621 virtutem
2807 5575 2962 5618 vocat
3015 5565 3289 5618 diabolum
3335 5565 3562 5632 ejusque
3601 5567 3912 5631 miniatros,

2299 5652 2437 5703 quos
2464 5640 2639 5691 mundi
2663 5647 2889 5708 potentes
2925 5650 3238 5708 nuncupare
3269 5635 3430 5708 solet.
3463 5636 3563 5702 Qui
3600 5647 3783 5708 autem
3808 5638 3907 5705 ju-

2297 5709 2442 5762 dicio
2489 5706 2823 5779 decoquendi
2875 5709 3023 5779 sint,
3063 5706 3370 5779 declaratur
3395 5706 3650 5779 inpsal.
3683 5723 3856 5762 cum
3887 5750 3904 5772 ,

2296 5793 2354 5831 η.
2387 5779 2475 5833 il.
2502 5776 2658 5836 ante
2684 5779 2968 5835 coniicitur
2996 5776 3195 5846 Ioseph
3240 5776 3444 5833 Hilario
3471 5777 3682 5832 fabrum
3725 5779 3903 5832 ferra-

2295 5848 2437 5903 rium
2459 5853 2759 5907 exstitisse.
2789 5851 2937 5907 idem
2967 5851 3170 5905 sentire
3198 5848 3407 5905 videtur
3439 5847 3776 5919 Theophilus
3791 5850 3910 5906 An-
