4222 6262
313 310 430 370 .997

328 519 562 575 formem
609 523 814 578 scilicet
855 541 1140 596 corporum
1183 538 1492 583 nostrorum
1540 527 1820 582 materiem
1863 528 1915 580 in

325 615 542 672 diversa
577 617 942 672 membrorum
973 617 1294 686 ministeria,
1324 628 1378 674 et
1399 618 1465 673 ad
1494 619 1672 674 omnia
1699 629 1919 672 auertite

325 709 452 764 vitae
475 723 638 778 opera
669 707 934 778 fingentis.
994 709 1051 763 lu
1081 709 1164 764 his
1210 710 1370 781 igitur
1417 710 1920 766 scandalizabantur

325 815 515 856 omnes
561 817 574 852 :
603 808 657 854 et
683 799 822 854 inter
855 809 931 854 tot
957 799 1030 872 (b)
1063 810 1280 873 tamque
1309 802 1590 874 magnifica
1620 818 1739 873 quae
1763 817 1919 874 gere-

321 891 451 957 bat,
498 891 744 960 corporis
774 890 891 961 ejus
919 893 1373 964 contemplatione
1417 894 1915 950 commovebantur.

323 985 532 1053 Quibus
559 984 814 1039 ltotninus
843 985 1268 1043 inhonorabilem
1297 989 1348 1044 in
1375 989 1544 1057 patria
1572 1003 1664 1042 sua
1690 987 1919 1059 prophe-

325 1087 434 1133 tam
481 1093 601 1134 esse
629 1078 905 1149 respondit
934 1075 1151 1154 (Matth.
1185 1097 1300 1148 xut,
1342 1079 1458 1154 57),
1499 1082 1621 1152 quia
1655 1083 1704 1136 iu
1733 1081 1918 1138 Judaes

322 1181 466 1229 esset
495 1187 661 1243 usque
690 1172 756 1227 ad
803 1174 983 1229 crucis
1008 1175 1333 1231 sententiam
1372 1175 1821 1231 contemnendus.
1856 1176 1922 1230 Et

323 1267 444 1338 quia
469 1281 637 1337 penes
657 1268 806 1322 solos
829 1267 992 1340 738
1021 1267 1206 1324 ﬁdeles
1230 1271 1323 1325 Dei
1350 1270 1521 1326 virtus
1545 1280 1661 1337 est,
1697 1279 1918 1342 propter

323 1376 510 1415 eorum
538 1360 978 1418 incredulitatem
1009 1364 1261 1420 omnibus
1286 1364 1482 1421 divin-.e
1525 1366 1780 1436 operibus
1809 1366 1919 1421 vir-

323 1455 451 1511 tutis
472 1454 760 1508 abstinuit.‘

394 1549 447 1602 3.
485 1546 776 1618 Evangeliis
803 1557 879 1602 est
916 1559 961 1603 et
1008 1551 1219 1605 interior
1242 1567 1444 1606 sensus.
1478 1582 1548 1592 —
1576 1551 1639 1607 In
1663 1553 1758 1606 illo
1796 1563 1922 1607 tem;

325 1657 447 1711 pore
477 1639 672 1693 audivit
700 1639 932 1696 Herodes
960 1643 1214 1697 tetrarclta
1236 1647 1428 1715 {autem
1447 1643 1599 1712 Jesu,
1631 1656 1678 1700 et
1704 1647 1777 1699 ait
1797 1663 1922 1717 pue-

327 1734 398 1787 ris
423 1734 530 1788 suis
557 1772 571 1798 ,
603 1742 658 1788 et
685 1734 891 1804 reliqua
923 1733 1139 1806 (Matth.
1171 1753 1263 1792 xtv
1287 1777 1300 1804 ,
1347 1739 1398 1803 1,
1448 1738 1530 1808 2).
1590 1738 1922 1811 Frequenter

1209 314 1760 376 COMMENTARIUS
1797 315 1866 375 IN
1906 285 2338 375 ΜΑΤΤΙΙιΕυΜ.
2378 314 2534 376 CAP.
2576 315 2719 375 XIV.

323 425 606 484 formantis
654 428 710 485 in
744 445 907 513 omne
940 446 1078 503 opus
1119 433 1364 491 utilitatis
1395 435 1648 491 humanae
1681 451 1694 488 :
1726 433 1806 505 (a)
1835 433 1919 489 in-
1946 447 1994 506 Α

3507 318 3612 378 998

2027 433 2109 490 ius
2155 433 2372 488 fuitzet
2422 434 2576 489 navis
2617 433 2756 489 mari
2795 432 3006 498 medio,
3038 438 3200 488 vento
3251 431 3610 498 adversante,

2022 526 2272 598 fluctibus
2294 528 2617 598 jactabatur.
2652 529 2719 584 Et
2745 538 2936 599 quarta
2967 529 3142 600 vigilia
3177 530 3436 584 Dominus
3467 528 3617 582 venit

2020 635 2182 690 super
2213 637 2361 676 mare
2387 623 2668 677 ambulans
2698 639 2712 675 :
2742 623 3092 692 videntesque
3121 622 3318 676 turbati
3346 629 3471 676 sunt
3497 659 3512 687 ,
3565 629 3620 676 et

2020 712 2196 767 inanis
2219 715 2365 768 visus
2389 715 2708 784 phantasma
2737 715 3044 783 credentes,
3091 716 3459 771 clamaverunt
3507 727 3618 785 pne

2021 807 2235 861 timore.
2267 806 2472 874 Quibus
2499 823 2622 862 mox
2658 809 2920 862 Dominus
2971 809 3181 864 locutus
3206 818 3331 873 est,
3380 817 3436 864 et
3489 821 3619 862 cons

2021 906 2226 952 stantes
2248 913 2368 954 esse
2413 899 2594 968 jussit.
2649 900 2715 955 Et
2760 914 2824 955 ex
2869 901 3118 970 plurimis
3152 901 3344 956 Petrus
3395 915 3621 970 respouo

2021 987 2177 1055 dens,
2206 991 2493 1058 postulavit
2516 991 2591 1044 uti
2618 990 2685 1044 ad
2710 991 2992 1045 Dominum
3019 1007 3182 1060 super
3201 1007 3365 1062 aquas
3387 991 3618 1046 veniret.

2021 1079 2122 1146 Qui
2153 1081 2222 1136 de
2245 1081 2488 1136 navicula
2521 1082 2880 1150 descendens,
2925 1092 2979 1138 et
3022 1098 3345 1154 progtessus
3375 1083 3622 1154 aliquan-

2022 1173 2216 1237 tulum,
2256 1183 2418 1229 vento
2448 1174 2815 1231 invalescente
2838 1184 2895 1231 et
2927 1177 3117 1231 timere
3150 1178 3314 1246 coepit
3345 1183 3402 1231 et
3427 1176 3617 1245 mergi.

2022 1269 2196 1334 Quem
2243 1269 2656 1339 apprehendens
2707 1270 2995 1335 Dominus,
3040 1269 3345 1340 objurgavit
3371 1284 3468 1323 cur
3495 1268 3620 1324 ﬁdei

2024 1359 2252 1415 modicae
2279 1361 2350 1414 sit
2399 1379 2412 1413 :
2466 1363 2852 1432 ingressusque
2907 1375 3098 1417 navem
3125 1401 3141 1426 ,
3177 1361 3618 1432 tranquillitatem

2023 1464 2188 1508 vento
2211 1461 2268 1508 et
2291 1455 2426 1509 mari
2451 1456 2764 1526 quiescente
2794 1455 3063 1511 revocavit
3093 1453 3258 1528 (Ibid.
3288 1455 3510 1523 22.3%).

2095 1546 2149 1600 6.
2185 1545 2351 1618 igitur
2397 1547 2512 1603 haec
2569 1557 2627 1603 ut
2675 1549 3217 1603 commemoravimus
3255 1554 3408 1618 gesta
3447 1555 3620 1601 sunt:

2024 1639 2119 1693 sed
2147 1638 2230 1693 his
2259 1639 2512 1694 omnibus
2532 1643 2802 1710 personis,
2826 1641 3128 1706 eil‘ectibus,
3152 1642 3352 1705 causis,
3383 1640 3622 1695 numeris

2025 1731 2219 1785 modus
2250 1732 2492 1801 adjacct,
2539 1745 2598 1786 ut
2642 1749 2760 1804 qum
2810 1744 3130 1804 gesserunt,
3172 1744 3373 1803 praeter
3399 1732 3622 1802 gerendi

325 1828 630 1882 monuimus
654 1867 671 1894 ,
717 1842 932 1883 omnem
964 1829 1296 1900 diligentiam
1343 1830 1756 1901 Evangeliurum
1811 1833 1919 1887 lec-
1951 1839 1999 1906 3
2026 1839 2222 1878 munus
2253 1826 2711 1894 instinctumque,
2742 1841 2902 1895 quem
2929 1827 3303 1895 unusquisque
3329 1841 3398 1881 ex
3429 1835 3621 1879 natura

326 1921 452 1975 tioni
483 1920 728 1976 adhiberi
765 1930 1019 1992 Oportcre
1049 1940 1061 1974 :
1095 1923 1217 1993 quia
1244 1925 1293 1977 itt
1325 1923 1443 1990 his,
1471 1940 1589 1994 quae
1620 1932 1770 1994 gesta
1798 1939 1922 1979 nar-

325 2021 513 2068 rantur
538 2054 554 2080 ,
588 2013 812 2068 subesse
849 2015 1123 2070 interioris
1168 2016 1540 2087 intelligentia:
1567 2017 1708 2073 ratio
1753 2021 1916 2088 repe-

325 2104 515 2158 riatur.
553 2104 722 2160 liabet
745 2107 888 2161 enim
933 2109 1174 2162 Omnium
1219 2123 1444 2178 operum
1495 2110 1733 2164 narratio
1762 2125 1920 2165 suum

326 2197 572 2258 ordinem
603 2199 732 2254 :sed
752 2209 1026 2269 gestorum
1058 2199 1339 2256 effectibus
1381 2215 1561 2256 causa;
1588 2201 1923 2271 subjacentis

325 2291 538 2361 spe-sies
566 2291 959 2360 prteformatur,
985 2301 1043 2347 ut
1085 2292 1140 2348 in
1174 2293 1387 2348 llerode
1430 2309 1492 2348 ac
1531 2293 1738 2350 Joatme
1769 2295 1924 2350 intel-

323 2382 525 2454 ligitur.
550 2382 682 2437 Nam
711 2394 764 2438 et
796 2383 1038 2439 Herodes
1069 2385 1320 2454 princeps
1347 2395 1466 2441 erat
1485 2385 1666 2456 populi
1688 2425 1704 2452 ,
1735 2393 1791 2440 et
1812 2385 1923 2440 Ile-

324 2475 606 2531 rodiadem
654 2492 878 2531 uxorem
930 2477 1159 2548 Philippi
1213 2477 1397 2533 fratris
1441 2481 1523 2532 sui
1557 2480 1606 2532 in
1649 2479 1926 2532 matrimo-

324 2569 471 2622 nium
492 2585 647 2623 suum
673 2569 796 2640 jure
823 2571 1106 2641 potestatis
1133 2581 1520 2642 assumpserat.
1552 2573 1618 2627 Et
1655 2572 1780 2628 huic
1817 2573 1924 2628 lle-

329 2661 531 2730 rodiadi
560 2671 676 2716 erat
705 2662 811 2717 lilia
845 2681 857 2716 :
888 2679 1011 2734 quae
1045 2666 1206 2720 natali
1241 2665 1328 2722 die
1352 2706 1366 2730 ,
1413 2680 1536 2721 cum
1583 2665 1789 2721 saltans
1815 2667 1928 2736 pla-

326 2762 505 2818 ceret,
541 2765 866 2824 potestatem
908 2757 1065 2827 cujus
1093 2757 1257 2812 vellet
1297 2758 1541 2828 praemii,
1584 2769 1928 2814 sacramento

323 2845 553 2916 jurantis
581 2849 826 2918 accepit:
859 2859 914 2904 et
936 2849 1164 2906 Joannis
1207 2861 1369 2921 caput
1399 2851 1470 2924 (ο)
1500 2853 1553 2907 in
1584 2867 1801 2908 carcere
1833 2854 1924 2908 diu

329 2939 530 3004 habiti,
577 2941 750 3012 puella
799 2952 969 2999 matre
1019 2945 1344 3002 admonente
1387 2945 1541 3002 disco
1583 2947 1684 3002 sibi
1741 2947 1927 3004 inferri

329 3043 544 3102 precata
571 3046 674 3088 est.
712 3035 776 3090 Et
805 3035 1048 3092 Herodes
1075 3078 1090 3102 ,
1141 3037 1308 3092 tristis
1366 3037 1527 3106 licet,
1589 3049 1930 3095 sacramento

339 3125 498 3179 lidetn
533 3126 796 3194 reddidit,
821 3136 876 3182 et
920 3130 1076 3183 matri
1120 3129 1296 3198 puella
1328 3145 1521 3184 munus
1550 3131 1793 3185 exhibuit
1824 3149 1838 3186 :
1875 3139 1932 3186 et

2025 1931 2120 1969 sua
2147 1916 2415 1985 sumpsit,
2446 1916 2791 1970 extrinsecus
2821 1918 3003 1970 omnia
3031 1917 3306 1984 gesserint
3347 1917 3401 1970 in
3443 1929 3626 1970 exem-

2023 1991 2174 2076 plum
2209 2024 2224 2060 :
2256 2007 2358 2062 huc
2387 2007 2552 2078 739
2575 2007 2781 2077 majore
2813 2007 2883 2062 ita
2915 2007 3170 2077 opinandi
3202 2009 3502 2063 reverentia
3529 2047 3546 2074 ,
3577 2008 3624 2062 si

2029 2113 2140 2158 tam
2166 2101 2502 2157 diversarum
2532 2117 2816 2157 causarum
2838 2102 3185 2158 efﬁcientiam
3211 2117 3315 2155 una
3343 2113 3507 2171 atque
3535 2116 3627 2156 ea-

2026 2196 2152 2249 dem
2191 2194 2548 2265 intelligentia
2577 2205 2962 2264 consequatur.
3008 2195 3203 2250 Sertno
3225 2194 3384 2264 igitur
3423 2194 3486 2248 ad
3514 2193 3626 2248 ori-

2027 2289 2206 2358 ginem
2234 2287 2616 2356 propositionis
2636 2287 2957 2343 referendus
2978 2298 3082 2343 est.

2104 2381 2158 2434 7-.
2191 2377 2438 2445 Ioannes,
2485 2379 2587 2436 (ex.
2622 2379 2854 2435 Herodes
2882 2390 2930 2435 et
2959 2385 3139 2451 frater,
3168 2381 3347 2435 Iudaei
3365 2391 3412 2435 et
3431 2389 3625 2451 gentes.

2031 2471 2275 2528 Gentium
2297 2489 2430 2527 uxor
2453 2513 2469 2538 ,
2508 2475 2809 2543 inﬁdelitas.
2843 2473 3020 2542 Filia,
3050 2475 3307 2544 voluptas.
3356 2505 3424 2515 -—
3467 2474 3630 2530 Joan-

2031 2583 2170 2633 nes,
2209 2578 2266 2623 ut
2291 2567 2606 2640 li-eqttenter
2655 2570 3032 2625 admonuimus
3057 2609 3073 2635 ,
3121 2570 3350 2624 formam
3397 2568 3632 2638 praetulit

2033 2659 2359 2731 legiszquia
2405 2663 2491 2718 lex
2531 2659 2808 2716 Christum
2863 2660 3216 2730 praedicavit,
3281 2668 3338 2714 et
3393 2660 3632 2714 Joannes

2037 2754 2311 2822 proiectus
2334 2771 2398 2810 ex
2431 2756 2548 2827 lege
2571 2763 2678 2818 est,
2703 2755 2974 2810 Christum
2996 2769 3063 2808 ex
3094 2755 3210 2823 lege
3233 2753 3628 2823 prtenuntisns.

2035 2847 2283 2903 Herodes
2323 2863 2453 2903 vero
2485 2849 2736 2918 princeps
2781 2855 2868 2902 est
2890 2847 3076 2917 populi
3107 2864 3123 2899 ε
3156 2857 3212 2902 et
3247 2845 3435 2917 pupilli
3480 2845 3630 2915 prim

2034 2955 2188 3011 ceps,
2239 2942 2494 3011 subjectae
2538 2942 2640 2996 sibi
2675 2941 3045 2995 universitatis
3077 2949 3272 2994 nonaeu
3301 2949 3633 3008 causatuque

2037 3034 2440 3104 complectitur.
2473 3033 2717 3089 Joannes
2763 3048 2894 3104 ergo
2944 3033 3215 3088 Herodem
3246 3031 3529 3097 monebat,
3562 3046 3634 3086 ne

2033 3125 2221 3180 fratris
2251 3125 2334 3181 sui
2364 3139 2589 3181 uxorem
2619 3126 2720 3181 sibi
2744 3127 2997 3196 jungeret
3025 3124 3189 3193 (Ibid.
3222 3123 3302 3198 ι).
3329 3125 3468 3180 Sunt
3491 3124 3633 3180 enim

329 3217 544 3287 sepulto
579 3234 648 3274 eo
675 3219 923 3290 discipuli
965 3220 1081 3291 ejus
1130 3220 1198 3276 ad
1257 3222 1545 3277 Dominum
1597 3224 1932 3279 transierunt
1956 3229 2003 3295 ρ
2039 3230 2201 3289 atque
2229 3230 2386 3275 erant
2413 3219 2520 3274 duo
2548 3219 2728 3289 populi
2752 3260 2767 3284 ,
2810 3219 3242 3274 circumcisinnis
3279 3229 3337 3274 et
3370 3220 3632 3289 gentium.

332 3309 496 3382 (Ibid.
525 3311 702 3383 6-H).

404 3407 457 3460 4.
486 3406 800 3477 Auditis-que
850 3408 931 3462 his
962 3408 1216 3462 Dominus
1265 3409 1316 3462 in
1362 3409 1663 3464 naviculam
1711 3411 1761 3464 in
1812 3409 1930 3466 loca

331 3498 546 3555 deserta
585 3500 813 3554 secessit
835 3541 850 3566 ,
882 3510 937 3556 et
965 3503 1303 3571 sequentium
1351 3517 1412 3558 se
1456 3503 1734 3557 turbarum
1766 3520 1934 3559 vexa-

335 3590 533 3654 tionem
579 3589 832 3645 misertus
882 3601 1004 3657 est,
1036 3601 1092 3647 et
1114 3593 1311 3648 dimitti
1358 3609 1450 3648 eas
1501 3593 1554 3648 itt
1596 3595 1815 3649 castella
1863 3595 1932 3650 ad

337 3681 662 3736 coemendos
704 3683 853 3738 cibos
906 3686 1146 3754 Apostoli
1181 3685 1495 3740 admonent.
1547 3688 1609 3740 Et
1672 3689 1934 3743 Dominus

336 3775 659 3846 respondet,
690 3779 1062 3832 necessitatem
1095 3795 1162 3835 eo
1185 3778 1493 3834 revertendi
1527 3779 1669 3848 ipsas
1699 3795 1806 3834 non
1837 3782 1934 3835 ha-

336 3869 488 3936 bere,
516 3870 738 3941 darique
763 3870 846 3925 his
876 3872 1058 3928 cibum
1105 3873 1370 3942 prtecipit.
1403 3871 1474 3926 Et
1497 3872 1645 3926 solos
1671 3886 1731 3927 se
1776 3872 1934 3942 quin-

337 3975 442 4030 que
470 3976 637 4032 panes
681 3971 734 4016 et
777 3962 914 4017 duos
943 3963 1117 4031 pisces
1147 3962 1346 4017 habere
1371 3971 1682 4018 caueantur.
1732 3963 1800 4017 Et
1845 3963 1932 4017 of-

337 4051 467 4108 ferri
493 4054 592 4108 sibi
629 4069 723 4109 eos
747 4054 938 4124 jussit,
969 4055 1292 4124 turbamque
1328 4055 1432 4109 sub
1457 4062 1628 4110 strato
1658 4054 1802 4110 [ωηο
1843 4070 1936 4108 ac-

337 4145 615 4200 cumbere.
651 4146 714 4199 Et
738 4146 916 4200 oblata
941 4146 1239 4212 benedixit,
1270 4153 1328 4200 et
1355 4146 1526 4202 turbae
1553 4144 1928 4202 tnanducauda

339 4239 655 4294 comminuit
674 4282 690 4304 ,
712 4248 766 4293 et
795 4239 942 4294 dedit
973 4239 1252 4309 discipulis
1279 4249 1334 4293 ut
1367 4239 1627 4294 oiierreut
1655 4255 1668 4292 :
1697 4250 1754 4294 et
1777 4247 1930 4294 satu-

340 4334 470 4389 ratis
513 4334 766 4389 omnibus
813 4334 1189 4402 supplen‘tenta
1245 4331 1596 4403 ecphmorum
1645 4331 1934 4388 duodecim

340 4430 745 4498 superfuerunt,
772 4444 894 4482 cum
919 4439 1098 4482 tamen
1120 4435 1270 4484 extra
1297 4429 1578 4482 mulierum
1607 4443 1936 4497 puerorum—

343 4536 446 4591 que
486 4536 767 4576 numerum
793 4560 808 4587 ,
842 4520 1078 4589 quinque
1126 4518 1293 4574 millia
1335 4518 1570 4573 virorum
1605 4519 1821 4588 expleta
1847 4532 1941 4572 es-

345 4621 469 4668 sent
496 4612 659 4683 (Ibid.
695 4611 905 4682 15—21).

417 4704 472 4759 5.
520 4704 586 4759 Et
613 4704 908 4774 discipulos
935 4702 1241 4758 naviculam
1263 4701 1634 4758 conscendere
1663 4745 1676 4768 ,
1701 4712 1759 4757 et
1787 4707 1938 4760 trans

345 4796 542 4852 fretum
594 4795 899 4866 pra-"cedere
937 4796 1120 4867 jubet,
1151 4797 1477 4867 dimissaque
1521 4798 1634 4866 ipse
1685 4795 1835 4853 turba
1881 4799 1936 4856 in

344 4901 583 4946 montem
636 4905 793 4945 orare
831 4891 978 4946 solus
1019 4889 1263 4946 ascendit
1292 4907 1306 4944 :
1337 4889 1586 4961 factoque
1608 4905 1832 4962 vespere
1853 4907 1946 4948 so-

349 5108 514 5165 tioclt.
540 5111 590 5165 in
623 5111 805 5166 Matth.
837 5113 1038 5168 docens
1058 5113 1124 5167 iis
1163 5113 1484 5180 evangelicis
1507 5115 1688 5170 verbis
1718 5115 1942 5172 indicari

349 5182 518 5259 Deum
555 5185 954 5259 patreurrigida
989 5185 1241 5259 utentium
1287 5184 1516 5259 Spiritus
1549 5188 1662 5259 igne
1706 5189 1939 5243 mollire.

345 5252 627 5308 Consentit
661 5264 714 5308 et
753 5252 1067 5310 Altibrosius
1101 5257 1150 5310 in
1181 5255 1308 5310 Luc.
1335 5252 1380 5309 il.
1417 5273 1506 5318 ιιι,
1538 5252 1592 5311 ιιῖ
1619 5259 1654 5310 '2
1676 5298 1691 5323 ,
1731 5259 1817 5312 ubi
1861 5260 1939 5312 al-

349 5323 454 5377 lata
482 5324 765 5391 Theophili
814 5329 971 5381 verba
1012 5328 1284 5382 exseribit.
1332 5326 1390 5381 In
1424 5329 1670 5382 eamdem
1719 5338 1945 5384 senten-

351 5394 477 5466 liam
515 5397 785 5450 abitBeda
828 5397 880 5451 in
901 5395 1066 5452 Marc.
1101 5414 1151 5453 c.
1180 5413 1254 5452 vt.
1296 5396 1437 5451 Nihil
1479 5401 1659 5466 itaque
1688 5397 1805 5460 fuit,
1847 5413 1947 5453 cur

349 5464 621 5520 Scultetus
660 5468 795 5521 hanc
837 5468 1016 5522 llilarii
1048 5469 1358 5537 opinionem
1403 5479 1458 5522 ut
1490 5464 1698 5522 narrum
1729 5479 1947 5524 notaret

351 5537 495 5608 unde
522 5540 669 5592 nullo
695 5540 855 5594 modo
877 5543 1124 5595 excusari
1163 5541 1351 5608 possit.
1386 5538 1645 5606 Quamvis
1677 5542 1822 5595 enim
1850 5541 1941 5595 alii

351 5605 550 5681 {oseph
579 5612 784 5663 fabrum
819 5610 1100 5681 lignarium
1127 5605 1382 5673 dixerint,
1413 5605 1568 5680 atque
1593 5622 1771 5664 tamen
1799 5612 1947 5666 licuit

354 5675 640 5752 ferrarium
698 5675 919 5746 dicere,
975 5691 1223 5738 neutrum
1271 5675 1562 5752 Evangelia
1625 5681 1942 5752 delinielrte.

350 5749 464 5804 imo
515 5765 690 5824 neque
731 5752 976 5824 (Hilarius
1034 5751 1339 5824 lignei-ium
1645 5751 1949 5824 [limusque

354 5835 485 5879 vero
511 5822 687 5881 innuit
713 5823 1035 5882 Ambrosius
1073 5824 1191 5880 loco
1220 5822 1693 5881 laudato;me
1723 5823 1947 5896 vulgata

2039 3315 2147 3370 Sed
2177 3314 2429 3370 lsraelem
2461 3314 2545 3370 lex
2585 3314 2946 3381 admonebat,
2984 3330 3052 3368 ne
3077 3329 3241 3384 opera
3271 3313 3512 3385 gentium
3553 3314 3637 3368 irr-

2043 3408 2463 3477 tidelitatemque
2491 3406 2595 3462 sibi
2621 3405 2892 3477 jungeret.
2921 3405 3180 3462 Gentium
3207 3408 3354 3461 enim
3381 3409 3530 3461 socia
3558 3407 3640 3460 in-

2037 3498 2270 3552 tidelitas
2315 3507 2432 3563 est,
2463 3513 2586 3568 quae
2613 3497 2744 3567 ipsis
2774 3509 3048 3568 tamquam
3079 3499 3295 3554 vinculo
3334 3499 3639 3570 coniugalis

2041 3591 2243 3645 amoris
2272 3605 2482 3645 annexa
2526 3597 2630 3645 est.
2686 3590 2748 3644 ili
2797 3591 2956 3661 igitur
3000 3589 3198 3647 fratres
3229 3609 3292 3647 ex
3320 3593 3512 3648 eodem
3541 3595 3641 3647 ltu-

2040 3685 2188 3739 ntani
2217 3685 2438 3754 generis
2475 3694 2604 3738 sunt
2648 3694 2890 3753 parente.
2920 3685 3002 3739 0b
3027 3683 3167 3740 banc
3209 3687 3390 3754 itaque
3433 3702 3642 3756 asperte

2041 3776 2429 3829 admonitionis
2476 3776 2797 3838 veritatem,
2843 3775 3081 3831 Joannes
3135 3787 3404 3848 tamquam
3449 3778 3534 3832 lex
3585 3780 3638 3832 in

2043 3884 2265 3924 carcere
2294 3868 2689 3924 continebatur.
2724 3868 2820 3922 Die
2849 3878 3026 3921 autem
3056 3870 3248 3923 natslis
3269 3911 3284 3935 ,
3314 3869 3366 3923 id
3399 3879 3486 3923 est
3509 3911 3521 3934 ,
3553 3885 3643 3925 re-

2045 3979 2165 4016 rum
2213 3962 2576 4032 corporalium
2608 3961 2819 4032 gaudiis
2843 4003 2856 4025 ,
2889 3961 3212 4016 Herodiadis
3255 3963 3374 4017 tilia
3420 3964 3645 4019 saltavit

2048 4054 2214 4124 (Ibid.
2261 4053 2320 4124 6)
2355 4072 2369 4107 :
2404 4053 2650 4122 voluptas
2695 4052 2839 4108 enim
2891 4062 3162 4124 tamquam
3211 4071 3284 4111 ex
3332 4056 3646 4115 inﬁdelitate

2043 4159 2187 4209 orta,
2223 4160 2319 4215 per
2362 4146 2541 4199 omnia
2585 4143 2806 4201 Israelis
2833 4145 3030 4217 gaudia
3072 4148 3198 4202 totis
3227 4149 3495 4206 illecebrte
3531 4165 3646 4209 sua:

2044 4238 2297 4293 cursibus
2315 4235 2661 4292 efferebatur.
2686 4236 2783 4293 Cui
2802 4255 2864 4295 se
2887 4255 3101 4295 omnem
3119 4243 3281 4297 etiam
3307 4256 3648 4302 sacramento

2049 4330 2296 4386 venalem
2343 4330 2577 4400 populus
2606 4331 2810 4386 addixit
2840 4350 2854 4386 :
2881 4334 2983 4389 sub
3025 4337 3260 4404 peccatis
3279 4339 3434 4393 enim
3452 4348 3515 4394 et
3543 4355 3648 4394 sa:—

2047 4427 2158 4482 culi
2203 4427 2611 4497 voluptatibus,
2679 4427 2940 4486 lsraelitae
2988 4432 3112 4486 vitae
3159 4441 3376 4489 eterna:
3425 4441 3650 4491 munera

2049 4519 2431 4574 vendiderunt.
2485 4519 2614 4575 Hzec
2653 4521 2842 4586 matris
2886 4535 2998 4576 sum
3026 4564 3039 4589 ,
3067 4525 3120 4579 id
3151 4534 3234 4580 est
3257 4568 3270 4592 ,
3317 4525 3652 4584 infidelitatis

1970 4617 2026 4678 ι)
2052 4611 2311 4666 instinctu
2339 4652 2352 4675 ,
2384 4609 2584 4665 deferri
2641 4612 2742 4667 sibi
2785 4611 3010 4668 Joannis
3039 4625 3200 4686 eaput
3224 4657 3239 4680 ,
3289 4617 3338 4670 id
3372 4627 3486 4685 est,
3535 4621 3652 4690 glo-

2054 4703 2188 4759 riam
2216 4705 2347 4775 legis
2380 4703 2554 4758 oravit
2575 4703 2736 4773 (Ibid.
2767 4705 2824 4776 8)
2865 4723 2876 4760 :
2914 4706 3036 4775 quia
3067 4708 3148 4764 lex
3181 4711 3545 4766 incesitIOSImt
3579 4713 3654 4767 ls-

2056 4794 2256 4851 raclem
2300 4797 2623 4852 auctoritate
2671 4796 2980 4853 divinorum
3022 4809 3418 4871 praeceptorum
3461 4819 3654 4876 argue-

2055 4891 2167 4946 bat.

2052 5122 2242 5201 opinio
2267 5125 2489 5201 do’stgph
2522 5129 2693 5201 artem
2740 5126 3024 5201 lignariam
3054 5133 3394 5201 excreuisse,
3430 5135 3499 5190 ita
3549 5134 3655 5192 alte

2056 5193 2277 5274 Sculteti
2331 5193 2510 5274 animo
2555 5193 2848 5274 inha'ser'at
2873 5244 2886 5266 ,
2921 5211 2975 5274 ut
3003 5200 3162 5257 facile
3191 5206 3290 5257 sibi
3329 5193 3659 5274 persuaserit

2056 5265 2199 5349 quod
2230 5266 2504 5349 Scriptura
2547 5270 2782 5341 (ignorit):
2811 5265 3115 5328 mentionem
3155 5265 3344 5344 faciat,
3374 5279 3529 5349 eique
3559 5278 3659 5334 Hi-

2061 5335 2228 5388 larius
2251 5335 2606 5395 adversetur:
2782 5358 2790 5368 '

2136 5405 2212 5489 (τι)
2247 5408 2410 5474 Βειι1.,
2451 5411 2538 5464 Er.
2563 5453 2575 5475 ,
2613 5411 2758 5481 Lips.
2791 5421 2845 5465 ct
2887 5427 2981 5489 sex
3033 5430 3164 5472 mss.
3201 5419 3424 5489 farinam
3471 5420 3660 5477 scilicet

2063 5487 2358 5552 nostrorum
2391 5495 2666 5552 corporum
2692 5493 2737 5536 et
2767 5486 3045 5541 materiem.

2137 5548 2211 5629 (ὁ)
2239 5548 2580 5629 βὶιιρςνίοιθε
2608 5568 2736 5607 mss.
2769 5564 3008 5629 tantaque
3036 5560 3334 5629 magniﬁca.

2135 5621 2210 5694 (ς)
2239 5621 2293 5675 In
2323 5623 2532 5693 aliquot
2557 5639 2686 5678 mss.
2713 5627 2802 5694 qui
2826 5627 2880 5680 in
2908 5621 3107 5683 carcere
3120 5621 3516 5691 Hitt'habt‘lat‘il.
3549 5633 3661 5692 iloc

2064 5690 2350 5817 ﬁgggtsmi‘ta
2399 5690 2870 5753 v‘ertendum'erat
2911 5702 3037 5770 :qui
3085 5701 3138 5757 in
3177 5690 3538 5780 carcereja't'n
3570 5690 3661 5764 diu

2311 5780 2395 5817 ur.

2311 5780 2395 5819 ur.
