4222 6262
579 303 686 365 999

1753 297 1997 358 SANCTI
2034 296 2296 358 HILARII
2343 299 2653 361 EPISCOPI

3745 303 3892 362 1000

659 419 714 476 8.
743 419 852 475 Lex
882 417 1187 488 inﬁdelitate
1207 431 1268 472 ac
1288 416 1546 488 voluptate
1573 415 1870 472 interiit.—-
1899 417 2003 472 Sed
2029 430 2189 487 supe-
2220 419 2266 480 Α
2290 420 2546 496 jubefquc
2595 419 2859 492 apostolis
2897 429 2950 476 ut
2999 421 3082 479 eis
3131 433 3312 477 escam
3357 420 3568 478 darent.
3612 422 3890 494 Numquid

586 514 701 567 rius
727 510 966 566 Herodes
995 509 1324 579 significatus
1347 518 1432 565 cst
1455 508 1716 564 Joannem
1745 508 1886 564 velle
1913 507 2182 573 occidere,

585 613 640 660 et
669 613 810 658 metu
843 602 1029 673 populi
1062 602 1332 659 demorari
1360 645 1374 669 ,
1407 601 1532 673 quia
1560 603 1698 658 sicut
1727 601 1988 672 propheta
2017 601 2184 656 liabe-

585 697 742 752 batur
774 695 988 767 (Matth.
1024 712 1134 763 xtv,
1168 695 1246 768 5).
1275 695 1428 752 Nunc
1453 709 1581 751 vero
1603 695 1767 765 petita
1799 695 1966 765 ipsius
2010 708 2142 748 nece
2164 733 2180 757 ,

589 805 711 848 cum
764 790 1065 861 praesertim
1121 790 1382 861 religione
1433 788 1758 843 sacramenti
1817 787 2183 850 detineretur,

590 881 866 953 quomodo
893 881 1064 936 tristis
1087 882 1320 936 efficitur
1349 879 1513 949 (Ibid.
1544 879 1638 950 9)?
1664 879 2011 934 Contrarium
2036 877 2187 931 vide-

587 976 714 1033 licet
734 985 818 1032 est
841 1015 857 1041 ,
889 985 1014 1031 tunc
1042 990 1164 1030 eum
1192 975 1450 1040 voluisse,
1474 988 1618 1028 nunc
1648 973 1791 1028 nolle
1821 991 1836 1027 :
1865 981 1919 1027 et
1949 985 2186 1042 praesens

589 1070 839 1126 molestia
870 1070 1125 1125 anteriori
1159 1085 1265 1124 non
1296 1067 1552 1124 convenit
1582 1067 1866 1122 voluntati.
1901 1066 2098 1121 Verum
2132 1062 2213 1118 in'

588 1164 958 1234 superioribus
985 1173 1153 1234 gesta:
1200 1164 1275 1220 rei
1304 1163 1437 1218 ordo
1461 1171 1578 1228 est,
1611 1164 1663 1217 in
1707 1162 1789 1216 bis
1831 1169 2009 1216 autem
2042 1172 2188 1214 nunc

591 1259 802 1326 species
827 1269 1008 1311 causa
1036 1255 1420 1324 consequentis
1441 1255 1751 1325 exponitur.
1781 1253 2020 1310 Gloriam
2053 1252 2188 1324 legis

589 1351 843 1421 voluptas
869 1364 936 1406 ex
970 1349 1290 1405 infidelitate
1320 1359 1437 1404 orta
1467 1349 1772 1418 occupavit.
1816 1347 1921 1404 Sed
1959 1346 2189 1416 populus

593 1443 718 1499 boni
748 1442 864 1513 ejus
895 1441 1042 1512 quod
1085 1442 1137 1496 in
1169 1442 1286 1513 lege
1321 1452 1439 1497 erat
1467 1441 1740 1504 conscius,
1786 1437 1863 1510 (a)
1899 1436 2190 1508 voluptatis

594 1536 994 1594 conditionibus
1024 1551 1130 1590 non
1167 1536 1285 1591 sine
1307 1535 1488 1606 aliquo
1517 1535 1652 1590 certi
1701 1532 1924 1604 periculi
1967 1532 2048 1586 sui
2093 1530 2192 1585 do-

595 1631 712 1686 lore
745 1627 821 1702 (b)
847 1629 1118 1685 connivet.
1171 1629 1391 1698 Scitque
1429 1642 1488 1682 se
1539 1626 1610 1699 (c)
1664 1626 1754 1680 tali
1795 1632 2190 1696 praeceptorum

594 1723 766 1792 gloria
797 1736 904 1776 non
941 1723 1248 1792 oportuisse
1277 1719 1580 1775 concedere
1620 1737 1633 1772 :
1662 1717 1757 1774 sed
1790 1717 2024 1788 peccatis
2057 1727 2194 1770 tam-

2287 513 2601 583 ignorabat,
2625 529 2730 571 non
2760 529 2883 571 esse
2906 514 3049 585 quod
3070 514 3186 571 dari
3209 525 3426 586 posset;
3451 524 3508 570 et
3528 515 3888 570 humanarum

2285 609 2545 663 mentium
2577 608 2786 666 interna
2810 610 3183 680 conspiciens,
3209 609 3431 666 modum
3462 610 3686 682 repositi
3717 623 3893 680 penes

2287 701 2563 772 apostolos
2589 703 2695 758 cibi
2726 704 3038 761 nesciebat?
3069 702 3175 761 Sed
3206 704 3515 760 eratomnis
3541 708 3721 776 typica
3751 707 3894 760 ratio

2287 795 2630 864 explicanda.
2653 797 2902 853 Nondum
2926 798 3072 854 enim
3094 811 3418 853 concessum
3450 797 3720 868 apostolis
3749 807 3894 863 erat,

2287 885 2352 940 ad
2376 889 2500 943 vita:
2521 898 2737 944 aeterna:
2755 891 2934 946 cibum
2958 932 2972 956 ,
3006 891 3287 947 caelestem
3317 906 3511 961 panem
3533 890 3803 960 perficere
3830 905 3896 945 ac

2290 979 2621 1036 ministrare.
2656 982 2895 1050 Quorum
2934 983 3222 1054 responsio
3269 984 3336 1038 ad
3383 981 3644 1054 spiritalis
3689 981 3898 1037 intelli-

2289 1072 2483 1140 gentia:
2509 1072 2755 1128 ordinem
2781 1073 2972 1129 tendit.
3003 1072 3162 1130 Solos
3187 1075 3327 1129 enim
3369 1089 3428 1130 se
3457 1075 3696 1145 quinque
3723 1087 3898 1144 panes

2290 1171 2342 1216 et
2373 1161 2508 1217 duos
2533 1162 2709 1233 pisces
2743 1166 3143 1235 responderunt
3174 1167 3376 1223 habere
3402 1166 3568 1240 (Ibid.
3603 1165 3693 1238 i7)
3721 1185 3734 1220 :
3766 1167 3899 1236 quia

2290 1253 2468 1310 adhuc
2490 1255 2591 1310 sub
2619 1257 2856 1329 quinque
2888 1260 3136 1330 panibus,
3167 1260 3259 1333 (ρ),
3292 1260 3345 1315 id
3373 1271 3490 1325 est,
3543 1259 3783 1330 quinque
3830 1259 3898 1314 li-

2290 1346 2402 1403 bris
2435 1349 2566 1419 legis
2586 1351 3025 1417 continebantur,
3053 1363 3107 1406 ct
3131 1353 3358 1422 piscium
3388 1352 3655 1415 duorum,
3685 1351 3734 1406 id
3763 1361 3889 1418 est,

2293 1441 2676 1512 prophetarum
2713 1452 2767 1498 et
2807 1443 3034 1499 Joannis
3080 1443 3551 1515 praedicationibus
3579 1443 3892 1499 alebantur.

2293 1533 2350 1590 In
2376 1535 2630 1604 Operibus
2651 1535 2794 1590 enim
2813 1537 2946 1608 legis
2966 1579 2980 1602 ,
3009 1545 3278 1608 tamquam
3304 1553 3368 1592 ex
3394 1552 3532 1608 pane
3571 1544 3692 1592 erat
3732 1537 3842 1591 vita
3879 1553 3893 1590 :

2293 1628 2606 1698 praedicatio
2626 1642 2806 1684 autem
2836 1630 3060 1686 Joannis
3108 1643 3163 1687 et
3218 1633 3634 1702 prepbetarum,
3665 1632 3722 1687 in
3776 1631 3895 1686 vir-

2294 1728 2407 1775 tute
2437 1736 2629 1792 aquze,
2662 1721 2786 1778 vitae
2839 1722 3092 1779 humanae
3145 1739 3298 1794 spem
3355 1723 3704 1780 confovebat.
3763 1723 3898 1779 Haec

596 1829 757 1883 quam
787 1821 1134 1869 sacramento
1158 1824 1400 1877 coactus,
1426 1821 1480 1867 et
1506 1811 1806 1881 principum
1831 1808 2190 1880 adjacentium
2219 1814 2269 1875 Β
2298 1810 2459 1884 igitur
2481 1814 2711 1882 primum
2735 1857 2749 1880 ,
2774 1816 2897 1886 quia
2920 1817 2971 1870 in
3002 1815 3086 1871 his
3105 1815 3282 1872 adhuc
3305 1825 3502 1882 erant,
3532 1817 3761 1886 apostoli
3793 1818 3896 1873 ob-

598 1914 746 1962 metu
800 1915 964 1976 atquc
1018 1906 1266 1976 exemplo
1311 1904 1636 1975 depravatus
1665 1903 1960 1969 etvictus,
2015 1902 2196 1957 illece-

592 1997 706 2054 bris
734 1997 1029 2069 voluptatis
1068 1999 1232 2053 etiam
1260 2004 1486 2052 maestus
1526 1996 1882 2066 obtemperat.
1916 1993 2084 2064 Igitur
2110 1993 2194 2048 in-

598 2099 682 2145 ter
708 2091 912 2162 reliqua
945 2090 1194 2146 dissoluti
1221 2089 1403 2162 populi
1431 2088 1648 2160 gaudia,
1688 2088 1740 2143 in
1764 2088 1918 2144 disco
1970 2087 2196 2143 Joannis

597 2194 762 2255 caput
808 2183 1033 2239 affertur
1062 2181 1226 2255 (Ibid.
1260 2182 1351 2253 lt)
1393 2198 1408 2245 ;
1441 2181 1642 2237 damno
1683 2182 1893 2236 scilicet
1941 2180 2074 2251 legis
2102 2194 2196 2234 vo-

599 2276 778 2347 luptas
801 2291 1089 2346 corporum
1131 2284 1186 2331 et
1215 2273 1495 2330 saecularis
1533 2273 1688 2328 luxus
1734 2282 1960 2343 augetur
1992 2288 2004 2324 :
2038 2279 2093 2326 et
2122 2273 2194 2326 ita

600 2383 699 2439 per
738 2367 969 2438 puellam
1019 2367 1086 2422 ad
1129 2377 1357 2422 matrem
1388 2364 1650 2421 defertur.
1682 2367 1762 2420 Ac
1791 2364 1872 2418 sic
1901 2363 2196 2433 probrosus

602 2458 769 2515 Israel
800 2469 854 2514 et
881 2459 1143 2527 voluptati
1171 2466 1226 2514 et
1255 2455 1561 2513 infidelitati
1587 2470 1699 2510 sua:
1729 2454 1967 2522 familiae,
1992 2453 2198 2509 scilicet

598 2563 754 2608 antea
785 2552 1025 2623 gentium
1047 2593 1062 2618 ,
1091 2549 1320 2622 gloriam
1357 2552 1490 2620 legis
1531 2549 1757 2604 addixit.
1790 2547 1986 2603 Finitis
2031 2548 2197 2618 igitur

599 2643 734 2714 legis
759 2643 1093 2713 temporibus
1111 2684 1126 2708 ,
1153 2651 1208 2698 et
1249 2657 1373 2698 cum
1417 2641 1625 2696 Joanne
1653 2640 2004 2710 consepultis,
2035 2638 2197 2694 disci-

597 2736 712 2809 puli
741 2736 860 2806 ejus
891 2751 980 2790 res
1008 2737 1084 2790 ita
1112 2743 1290 2806 gestas
1323 2735 1550 2789 Domino
1582 2734 1864 2797 nuntiant,
1903 2731 1970 2787 ad
2014 2729 2195 2785 Evan-

599 2830 738 2902 gelia
769 2830 976 2886 scilicet
995 2847 1061 2886 ex
1085 2830 1204 2902 lege
1233 2830 1513 2886 venientes
1541 2827 1707 2897 (Ibid.
1739 2826 1855 2900 12).

667 2925 722 2982 9.
757 2925 928 2998 740
954 2925 1108 2996 Legis
1147 2927 1288 2996 ﬁnis,
1322 2926 1566 2980 Ecclesia:
1594 2925 1820 2980 initium.
1843 2952 1912 2964 ~—
1937 2923 2081 2995 Ergo
2100 2921 2195 2978 Dei

601 3016 836 3073 Verbum
851 3018 970 3088 lege
985 3018 1130 3073 finita
1145 3033 1334 3074 navem
1349 3016 1723 3073 conscendens
1736 3015 2040 3071 Ecclesiam
2061 3014 2194 3080 adit,

597 3120 652 3169 et
675 3112 729 3167 in
751 3112 1025 3168 desertum
1049 3111 1300 3169 concedit
1334 3111 1498 3185 (Ibid.
1561 3110 1653 3184 15)
1701 3127 1714 3164 :
1761 3109 1950 3165 relicta
1998 3109 2198 3180 quippe

2299 1909 2580 1963 tulerunt:
2622 1907 2717 1963 sed
2767 1923 2833 1964 cx
2880 1907 2966 1964 bis
3016 1909 3420 1980 evangeliorum
3468 1909 3764 1978 prtedicatio
3814 1908 3890 1979 (Γ)

2299 1998 2539 2070 profecta
2570 2008 2924 2067 monstratur,
2974 2011 3029 2056 et
3078 2001 3162 2055 bis
3208 2000 3508 2071 originibus
3555 1999 3782 2055 deducta
3829 2001 3890 2055 in

2298 2092 2556 2162 majorem
2581 2091 2796 2146 virtutis
2825 2107 2938 2146 suae
2969 2092 3352 2147 abundantiam
3383 2092 3603 2147 crescit.

2371 2187 2458 2241 11.
2483 2185 2716 2241 Christus
2743 2187 2796 2240 in
2837 2186 3005 2240 cibum
3050 2203 3244 2241 uersus.
3274 2183 3381 2240 Cur
3428 2185 3614 2239 dentur
3647 2185 3902 2254 apostolis

2300 2296 2477 2351 panes,
2524 2280 2559 2350 Ῡ
2586 2320 2599 2334 .
2616 2279 2710 2335 20.
2731 2278 2834 2335 Cur
2854 2281 3078 2351 quinque
3099 2280 3264 2333 millia
3285 2278 3405 2333 inde
3429 2287 3727 2332 saturentur
3755 2294 3775 2332 :
3807 2292 3903 2331 cur

2296 2373 2566 2427 duodecim
2589 2373 2797 2444 copltini
2824 2382 3156 2428 reserventur.
3185 2402 3257 2413 ——
3286 2372 3534 2441 Acceptis
3581 2373 3746 2442 igitur
3810 2386 3906 2442 pa-

2299 2467 2629 2536 nibusatque
2645 2465 2904 2536 piscibus,
2929 2464 3186 2520 Dominus
3213 2465 3449 2535 respexit
3469 2463 3535 2520 ad
3563 2464 3786 2530 coelum,
3808 2465 3903 2519 lie-

2297 2559 2506 2615 nedixit
2521 2569 2574 2616 et
2593 2559 2772 2629 fregit,
2792 2557 2939 2614 Patri
2963 2574 3128 2630 agens
3143 2559 3341 2629 gratias
3363 2567 3486 2630 post
3506 2567 3748 2629 tempora
3763 2557 3903 2629 legis

2296 2667 2360 2708 ac
2392 2652 2772 2723 prophetarum
2793 2667 2858 2722 se
2913 2653 2966 2708 in
2994 2653 3362 2723 evangelicum
3389 2653 3569 2707 cibum
3596 2653 3760 2708 verti-
3788 2654 3893 2724 (g).

2297 2745 2635 2800 Accumbere
2673 2757 2794 2815 post
2850 2748 2965 2800 lucc
3018 2761 3180 2816 supra
3232 2745 3435 2802 Imaum
3480 2745 3709 2815 populus
3739 2744 3904 2815 jube-

2300 2847 2420 2902 tur;
2455 2851 2557 2892 non
2581 2837 2692 2907 jam
2725 2837 2777 2891 in
2809 2846 2948 2892 terra
2971 2837 3194 2906 jacens,
3219 2837 3314 2894 sed
3339 2838 3458 2908 lege
3485 2837 3741 2892 suffultus
3801 2856 3814 2890 :
3847 2845 3906 2894 et

2299 2937 2550 2998 tanquam
2599 2937 2754 2983 terra:
2807 2927 2990 2994 foeno,
3050 2929 3312 2984 fructibus
3361 2929 3544 3000 Operis
3597 2931 3681 2984 sui
3726 2943 3902 2983 unus-

2296 3020 2526 3091 quisque
2586 3020 2968 3077 subSternitur.
3006 3020 3086 3092 (lt)
3119 3021 3320 3077 Dantur
3369 3037 3584 3092 quoque
3635 3022 3901 3092 apostolis

2297 3128 2498 3184 panes,
2529 3113 2653 3183 quia
2684 3128 2779 3182 per
2798 3128 2893 3169 eos
2913 3123 3069 3169 erant
3090 3114 3289 3169 divina:
3336 3113 3524 3185 gratize
3577 3112 3716 3168 dona
3770 3113 3901 3169 red-

598 3205 1010 3265 conversatione
1037 3205 1233 3271 Israel,
1290 3205 1345 3260 in
1390 3219 1559 3260 vacua
1610 3203 1812 3260 divinat
1869 3201 2197 3270 cognitionis
2222 3198 2267 3262 C
2299 3199 2494 3254 denda.
2525 3199 2684 3254 Plebs
2707 3198 2905 3254 deinde
2934 3201 3171 3270 quinque
3197 3199 3424 3269 panibus
3445 3207 3501 3254 et
3524 3199 3735 3254 duobus
3787 3202 3903 3270 pis-

601 3307 823 3370 pectora
857 3298 1203 3354 transiturus.
1239 3298 1418 3353 Turba
1451 3299 1567 3353 haec
1613 3295 1871 3363 audiens,
1904 3295 2194 3350 Dominum

597 3389 667 3444 de
695 3389 913 3445 civitate
941 3389 1106 3459 pedes
1137 3390 1382 3460 sequitur
1411 3390 1463 3443 in
1487 3389 1766 3444 desertum
1801 3404 1816 3444 :
1850 3387 1917 3443 de
1948 3387 2198 3458 Synago-

597 3496 663 3553 ga
684 3480 936 3537 videlicet
956 3481 1021 3535 ad
1047 3481 1346 3536 Ecclesiam
1368 3480 1639 3535 concedit.
1667 3479 1837 3548 Quam
1866 3478 2057 3534 videns
2096 3476 2196 3531 mi-

598 3585 910 3641 serlusest,
939 3583 994 3630 et
1021 3583 1236 3630 Omnem
1275 3575 1587 3644 languorem
1633 3573 1752 3643 ejus
1794 3571 2193 3628 infirmitatem-

599 3686 705 3742 que
727 3679 880 3726 curat
906 3667 1071 3740 (Ibid.
1124 3668 1216 3741 14)
1266 3686 1282 3723 :
1323 3669 1574 3724 obsessas
1621 3667 1827 3724 scilicet
1875 3677 2084 3723 mentes
2140 3674 2196 3722 et

597 3777 824 3834 corpora
849 3762 1184 3819 infidelitatis
1213 3771 1438 3818 veterno
1463 3761 1533 3816 ad
1573 3760 1986 3832 intelligentiam
2039 3775 2194 3816 nova:

597 3853 999 3928 praedicationis
1027 3853 1299 3910 emundat.

674 3949 762 4006 10.
777 3948 986 4022 Legatis
1006 3949 1253 4003 doctrina:
1263 3949 1423 4003 cibus.
1455 3947 1690 4019 Quinque
1712 3964 1866 4019 panes
1889 3956 1938 4002 et
1963 3947 2066 4002 duo
2089 3949 2195 4020 pis-

599 4059 680 4098 ces
700 4042 825 4112 quid
853 4042 1159 4114 signiﬁcent.
1192 4071 1264 4082 —
1285 4041 1495 4096 Etcum
1545 4041 1795 4111 discipuli
1840 4040 2037 4096 dimitti
2082 4050 2195 4096 tur-

600 4135 699 4191 bas
731 4135 784 4190 in
811 4134 1034 4190 castella
1084 4134 1328 4202 proxima
1351 4133 1418 4188 ad
1447 4132 1775 4190 eoemendos
1817 4133 1968 4190 cibos
2009 4131 2195 4188 admo-

602 4237 796 4284 nercnt
846 4227 1031 4299 (Ibid.
1066 4226 1193 4298 l5);
1236 4228 1518 4298 respondit
1549 4245 1562 4281 :
1594 4228 1717 4282 Non
1758 4227 1942 4282 habent
1997 4243 2197 4282 necesse

597 4319 672 4374 ire
714 4319 876 4392 (Ibid.
935 4320 1029 4389 16)
1063 4337 1077 4374 :
1107 4319 1401 4375 ostendens
1446 4335 1576 4388 eos,
1609 4321 1804 4392 quibus
1853 4318 2194 4386 mederetur,

603 4409 683 4483 (ά)
709 4411 893 4481 legalis
923 4409 1184 4466 doctrinae
1213 4412 1337 4466 cibo
1357 4427 1464 4467 non
1511 4426 1704 4482 egere,
1737 4426 1914 4482 neque
1958 4412 2196 4468 necessi-

603 4511 770 4558 tatem
794 4501 998 4558 babere
1020 4501 1226 4573 regredi
1249 4502 1316 4559 ad
1340 4503 1583 4559 Judaaam
1607 4504 1896 4576 cibumque
1919 4507 2148 4561 mercari
2173 4522 2187 4572 ;

674 4663 751 4738 (a)
781 4663 936 4738 Bad,
968 4662 1064 4718 Er.
1091 4673 1146 4720 et
1167 4663 1314 4738 Lips.
1343 4663 1623 4738 voluntatis
1655 4680 1672 4717 :
1705 4663 1864 4720 male.

603 4806 836 4866 Rectius
856 4808 946 4878 alii
973 4807 1133 4874 libri,
1163 4807 1396 4863 connivet
1430 4848 1444 4872 ,
1477 4806 1578 4862 hoc
1632 4816 1748 4874 est,
1801 4808 2046 4878 quamvis
2083 4822 2189 4860 non

605 4888 818 4953 sponte,
850 4877 1118 4934 cbnsentit
1142 4889 1342 4953 tamen.

675 4951 750 5024 (c)
778 4953 831 5006 In
860 4966 951 5004 sex
977 4951 1311 5024 mss.__talem
1339 4958 1713 5024 prwceptorunt
1735 4948 1953 5024 gloriam
1981 4948 2190 5024 :_lectio

604 5019 1056 5094 non'probanda.
1111 5021 1209 5077 Hic
1258 5019 1484 5094 verbum
1526 5021 1800 5094 concedere
1826 5019 2185 5075 desertionem

506 5157 514 5163 ἢ
605 5093 783 5159 sonat,
807 5103 966 5163 atque
995 5093 1132 5147 idem
1181 5101 1264 5147 est
1316 5093 1456 5162 quod
1484 5093 1751 5156 recedere;
1800 5099 1956 5146 antea
2007 5099 2186 5146 autem

603 5166 886 5237 oportuisse
915 5163 1158 5237 eamdem
1193 5163 1299 5237 vim
1329 5163 1491 5217 habet
1519 5178 1582 5218 ac
1612 5163 1862 5237 debuisse.

678 5236 762 5308 (d)
790 5237 847 5291 In
878 5234 1109 5308 vulgatis
1128 5243 1190 5308 et
1219 5235 1426 5308 aliquot
1451 5248 1603 5308 mss.
1632 5233 1841 5287 uenialis
1895 5233 2188 5308 doctrinae:

599 5304 762 5364 lectio
789 5305 1024 5377 speciem
1054 5305 1258 5377 [labens
1291 5305 1549 5377 veritatis.
1579 5305 1648 5359 At
1702 5320 1821 5375 qua:
1843 5375 1848 5377 _
1874 5320 2016 5359 nunc
2040 5304 2192 5360 exhi-

600 5380 759 5436 betur
785 5375 852 5434 eit
882 5392 1013 5432 mss.
1043 5375 1206 5432 Carn.
1232 5384 1286 5431 et
1304 5377 1460 5431 Colb.
1491 5375 1757 5431 sincerior
1801 5375 1916 5429 visa
1962 5383 2075 5441 est,
2135 5386 2192 5430 ut

599 5452 666 5506 iis
689 5452 869 5506 minus
889 5447 1077 5512 obvia,
1109 5447 1199 5519 qui
1247 5447 1415 5502 libros
1459 5458 1670 5503 veteres
1710 5448 1930 5518 proprio
1976 5447 2191 5516 ingenio

600 5533 693 5576 aut
715 5523 993 5591 corrigunt
1020 5561 1036 5583 ,
1073 5529 1167 5572 aut
1194 5527 1568 5591 corrumpunt.

671 5591 746 5663 (ε)
777 5589 917 5664 Εάῖιί
938 5633 954 5660 ,
982 5591 1205 5662 quinque
1246 5589 1462 5660 panibus
1507 5591 1730 5661 quinque
1759 5590 1876 5645 libri
1906 5590 2053 5664 legis,
2079 5601 2186 5646 etc.

602 5663 961 5720 emendantur
978 5677 1081 5731 ope
1108 5676 1240 5716 mss.

673 5737 740 5812 (Ι)
769 5735 828 5789 ln
855 5747 987 5812 mss.
1015 5730 1169 5812 ροιι).
1210 5730 1449 5812 etilarn.
1483 5733 1753 5812 pl'Op!!€l_d.
1799 5733 1879 5788 Ex
1931 5732 2188 5812 mendosa

605 5801 912 5870 ltujusmodi
940 5803 1172 5856 lectione
1198 5802 1429 5857 obtinuit
1482 5801 1623 5873 apud
1681 5805 1804 5859 Par.
1859 5805 2184 5874 prophetam.

2296 3293 2449 3348 cibus
2471 3294 2706 3364 pascitur
2733 3301 2790 3348 et
2813 3294 3060 3364 expletur
3092 3311 3103 3346 :
3129 3304 3183 3348 et
3206 3292 3504 3364 fragmenta
3521 3293 3675 3364 panis
3704 3301 3758 3348 et
3790 3293 3902 3363 pis-

2296 3385 2439 3440 cium
2463 3427 2477 3451 ,
2500 3387 2755 3442 saturatis
2781 3383 3229 3441 accumbentibus
3248 3427 3262 3452 ,
3297 3401 3468 3456 usque
3513 3386 3563 3440 in
3603 3384 3897 3440 duodecim

2303 3479 2659 3548 cophinorum
2690 3479 3082 3550 plenitudinem
3097 3477 3534 3544 abundaverunt,
3567 3477 3654 3534 Dei
3677 3477 3898 3532 scilicet

2301 3573 2460 3646 741
2489 3574 2656 3630 verbo
2694 3590 2761 3631 ex
2799 3574 3045 3631 doctrina
3070 3575 3204 3646 legis
3251 3574 3740 3645 prophetarumque
3797 3588 3898 3630 ve-

2302 3671 2484 3726 niente
2502 3711 2516 3736 ,
2542 3669 2830 3724 multitudo
2850 3670 3076 3725 satiatur
3104 3687 3118 3723 :
3151 3677 3205 3724 et
3223 3677 3494 3724 reservata
3518 3667 3754 3738 gentium
3777 3666 3901 3736 ple-

2299 3761 2350 3818 bi
2383 3761 2446 3835 (ἱ)
2473 3777 2537 3818 ex
2561 3761 2749 3818 mterni
2773 3761 2877 3817 cibi
2911 3761 3235 3830 ministerio,
3286 3762 3338 3815 in
3364 3759 3650 3816 duodecim
3672 3768 3898 3830 aposto—

2297 3854 2471 3910 lorum
2505 3854 2930 3925 plenitudinem,
2962 3855 3118 3926 c0pia
3143 3854 3340 3910 divina:
3364 3852 3580 3918 virtutis
3607 3853 3895 3909 exuberat.

2297 3946 2444 4002 Idem
2467 3955 2648 4003 autem
2674 3946 2951 4002 edentium
2976 3962 3236 4003 numerus
3288 3946 3582 4008 invenitur,
3623 3946 3716 4014 qui
3748 3945 3897 4000 futu-

2298 4054 2392 4095 rus
2420 4039 2592 4096 fuerat
2613 4039 3028 4095 crediturorum.
3063 4039 3193 4094 Nam
3221 4039 3358 4095 sicut
3385 4040 3524 4094 libro
3547 4037 3626 4110 (j)
3658 4038 3898 4094 Praxeos

2299 4133 2630 4199 continetur,
2659 4148 2726 4188 ex
2756 4131 2922 4188 Israel
2955 4133 3135 4203 populi
3161 4133 3453 4193 infinitate.
3476 4131 3714 4186 virorum
3734 4129 3901 4200 quin-

2296 4243 2403 4299 que
2431 4227 2596 4281 millia
2618 4225 2966 4282 crediderunt
2998 4228 3133 4300 (Act.
3166 4243 3218 4283 ιν
3239 4270 3254 4295 ,
3285 4227 3364 4298 4).
3402 4226 3604 4283 Rerum
3628 4226 3768 4283 enim
3809 4224 3897 4295 (lt)

2299 4319 2586 4376 admiratio
2608 4333 2780 4390 usque
2802 4319 2854 4373 in
2878 4333 3188 4375 mensuram
3219 4333 3397 4376 causa:
3428 4319 3756 4390 subiacentis
3787 4333 3894 4372 ex-

2303 4411 2562 4468 tenditur.
2583 4411 2964 4482 Confractique
2992 4426 3114 4468 cum
3145 4411 3385 4483 piscibus
3413 4426 3585 4482 panes
3609 4454 3623 4479 ,
3649 4421 3900 4466 saturato

2298 4506 2531 4577 populo,
2562 4504 2614 4558 in
2639 4511 2844 4559 tantum
2875 4502 3132 4574 deinceps
3160 4503 3507 4560 cumulantur
3520 4511 3898 4574 augmentum,

2217 4665 2271 4726 D
2369 4662 2446 4736 (g)
2476 4661 2675 4719 Excusi
2703 4661 3064 4736 renitentibus
3091 4661 3346 4736 omnibus
3366 4660 3612 4736 m_ss._hic
3628 4660 3903 4730 adjiciunt

675 4733 750 4810 (b)
779 4735 1177 4810 Edit._es_ce_pto
1207 4736 1328 4810 Par.
1369 4750 1491 4810 cum
1521 4735 1726 4805 aliquot
1778 4750 1906 4790 mss.
1941 4733 2190 4810 concedit.
2232 4805 2234 4807 g
2296 4736 2341 4789 si

2296 4733 2619 4807 signiﬁcans.
2653 4735 3007 4807 Absquehoc
3035 4735 3202 4789 verbo
3225 4733 3386 4789 lectio
3411 4733 3485 4788 ita
3512 4733 3722 4803 integra
3765 4742 3850 4789 est
3878 4751 3893 4786 :

2296 4806 2491 4877 gratias
2513 4823 2674 4877 agens
2697 4823 2751 4860 se
2770 4806 2915 4872 uerti,
2939 4815 3045 4861 etc.

2371 4878 2448 4949 (Ιι)
2479 4874 2570 4949 Sic
2590 4878 2840 4949 antiquae
2855 4877 3124 4949 editiones
3144 4891 3272 4949 cum
3297 4874 3542 4947 pluribus
3567 4891 3698 4949 mss.
3729 4875 3822 4930 Sic
3841 4884 3903 4949 et

2296 4946 2446 5004 unm;
2480 4948 2567 5015 12,
2600 4950 2674 5002 uti
2702 4947 2737 5001 4
2764 4966 2775 5002 :
2802 4946 2906 5002 Dat
2932 4947 3121 5003 deinde
3147 4946 3417 5017 discipulis
3445 4964 3625 5018 panes.
3656 4947 3726 5002 At
3753 4948 3900 5016 apud

2296 5021 2418 5075 Par.
2455 5018 2761 5076 Subduntur
2779 5036 2978 5090 quoque
3009 5021 3276 5091 apostolis.
3309 5019 3375 5091 Et
3396 5018 3449 5072 iu
3479 5033 3613 5073 mss.
3643 5019 3808 5073 (ἐπεὶ.
3839 5026 3902 5073 ει

2292 5091 2444 5147 Colb.
2480 5091 2784 5146 Subduntur
2830 5090 3130 5159 quoque’ab
3151 5090 3419 5159 apostolis.

2369 5160 2596 5235 (i)Bad_.
2623 5171 2676 5216 et
2705 5162 2800 5216 Er.
2829 5177 2952 5235 cum
3006 5177 3139 5218 mss.
3171 5173 3217 5216 et
3247 5161 3445 5235 (eterni:
3499 5160 3569 5215 At
3604 5160 3656 5214 in
3713 5159 3900 5235 Turo-

2294 5230 2448 5289 nens'i
2475 5232 2667 5289 codice
2694 5233 2947 5289 secundis
2975 5238 3154 5297 euris,
3195 5235 3289 5288 sed
3339 5230 3536 5288 eadem
3583 5247 3776 5296 manu,
3806 5231 3899 5286 hic

2293 5315 2564 5373 expuncto
2605 5313 2686 5370 et,
2717 5313 2873 5359 antea
2915 5305 3262 5376 substitutum
3299 5311 3396 5376 est
3439 5314 3726 5367 reservato,
3774 5302 3899 5376 loco

2293 5377 2444 5432 verbi
2470 5386 2728 5430 reservata
2749 5391 2768 5430 :
2789 5375 2934 5446 quod
2960 5391 3066 5430 non
3089 5373 3409 5430 mutandum
3450 5382 3705 5445 putamus
3727 5415 3742 5439 ,
3793 5373 3894 5428 sed

2293 5447 2360 5501 ad
2382 5462 2571 5502 vocem
2591 5448 2747 5511 copia
2769 5447 3133 5502 referendum.

2366 5517 2596 5592 (j)_Er_.,
2622 5517 2769 5592 Lips.
2799 5524 2855 5572 et
2881 5519 2998 5573 l’ar.
3023 5518 3152 5573 libro
3183 5517 3423 5573 Praxeon
3466 5532 3486 5571 :

2299 5588 2435 5645 cum
2455 5589 2590 5644 Bad.
2620 5588 2872 5644 omnibus
2901 5604 3032 5646 mss.

2369 5659 2446 5732 (k)
2479 5661 2635 5732 Saepe
2661 5659 2800 5730 apud
2828 5659 3119 5728 Hilarium,
3153 5661 3247 5717 sed
3271 5661 3325 5716 in
3354 5661 3459 5718 hoc
3483 5660 3720 5716 maxime
3749 5659 3898 5732 loco,

2299 5731 2618 5788 vocabulum
2666 5732 2944 5787 admiratio
2996 5749 3105 5788 non
3159 5743 3341 5789 actum
3394 5732 3738 5792 admirandi.
3799 5731 3898 5786 sed

2299 5803 2616 5860 miraculum
2648 5803 2842 5874 ipsum,
2865 5820 2971 5875 quo
2997 5803 3284 5861 admiratio
3303 5805 3588 5870 excitatur,
3607 5803 3898 5875 significat.

3534 5515 3902 5572 renitentibus
