4222 6262
338 262 469 322 1001

1239 260 1779 321 COMMENTARIUS
1813 262 1878 319 IN
1916 261 2344 322 MATTHA'IUM.
2391 264 2544 322 CAP.
2585 264 2726 323 XIV.

3488 266 3628 328 1002
3671 299 3673 301 ί

335 407 572 472 quantus
594 406 650 456 et
675 397 954 456 credentis
980 398 1195 469 populi,
1217 409 1273 454 et
1300 400 1691 472 cxplendorum
1739 401 1931 460 eteles-
1961 377 2014 439 Α
2039 397 2299 454 Dominus
2327 399 2474 454 venit
2504 416 2519 453 :
2549 407 2743 469 quarto
2765 398 2910 455 enim
2938 403 3049 454 tum
3076 398 3145 454 ad
3190 397 3490 456 Ecclesiam
3538 417 3632 456 va-

333 491 373 546 ti
404 491 579 562 gratia
605 491 977 561 apostolorum
1029 505 1290 546 numerus
1333 493 1744 549 destinabatur:
1782 502 1838 550 ut
1878 501 1933 550 et

333 584 530 640 modus
556 599 810 653 numero,
829 590 884 638 et
911 597 1166 639 numerus
1180 584 1340 639 modo
1352 585 1769 657 obtemperaret;
1793 586 1932 641 intra

334 678 472 734 ﬁnes
488 693 616 734 suos
627 676 766 733 ratio
776 676 1052 744 conclusa,
1069 677 1136 732 ad
1149 681 1534 750 consequentis
1550 679 1774 736 effectus
1803 695 1933 736 con-

333 767 592 824 ditionem
609 767 725 838 ipso
737 766 932 822 divinas
943 767 1157 822 virtutis
1167 766 1529 825 moderamine
1541 770 1929 827 contineretur.

407 860 498 915 I2.
530 859 635 914 Cur
660 861 714 913 in
735 859 916 914 cretum
935 861 1215 930 respexerit
1236 860 1488 916 Christus.
1539 861 1727 916 Mundi
1755 872 1933 918 auctor

332 953 428 1006 hoc
449 954 585 1023 facta
609 951 899 1005 innotescit.
926 980 997 992 —-
1019 951 1201 1007 Vincit
1224 962 1406 1008 autem
1429 955 1721 1009 humanam
1763 954 1930 1009 intelo

335 1043 611 1114 ligentiam
643 1057 778 1113 opus
804 1041 933 1096 facti
957 1059 971 1097 :
998 1053 1195 1098 etcum
1220 1043 1532 1115 frequenter
1553 1046 1800 1118 quaedam
1823 1047 1934 1102 sint

334 1151 455 1207 quae
477 1145 738 1205 concepta
761 1149 957 1202 sensu,
981 1150 1160 1191 sermo
1187 1153 1292 1192 non
1322 1139 1588 1208 explicet;
1622 1138 1677 1193 in
1717 1138 1802 1193 his
1850 1148 1932 1194 ta-

335 1242 460 1282 men
494 1227 606 1297 ipsa
639 1225 714 1298 (a)
746 1241 940 1282 sensus
968 1228 1240 1294 subtilitas
1261 1229 1604 1300 ingravescit,
1642 1238 1700 1286 et
1735 1232 1803 1286 ad
1853 1232 1931 1288 rei

335 1320 844 1390 contemplationem
867 1336 966 1390 pro
993 1320 1312 1377 difﬁcultate
1360 1332 1466 1377 tam
1503 1322 1793 1378 invisibilis
1837 1339 1933 1380 ne-

334 1414 464 1484 gotii
491 1413 845 1484 obstupescit.
872 1414 1126 1484 Acceptis
1152 1415 1298 1470 enim
1333 1415 1562 1484 panibus
1587 1417 1850 1487 quinque,
1876 1418 1929 1471 in

334 1505 534 1561 ctelum
565 1506 823 1562 Dominus
851 1508 1121 1574 respexit,
1148 1506 1407 1563 honorem
1430 1509 1548 1578 ejus
1566 1550 1580 1573 ,
1607 1522 1638 1562 a
1665 1524 1772 1579 quo
1791 1517 1927 1574 erat,

337 1600 452 1670 ipse
473 1601 756 1657 confessus
789 1619 804 1655 :
828 1617 936 1658 non
967 1603 1110 1673 quod
1136 1605 1447 1663 carnalibus
1475 1605 1644 1662 oculis
1682 1607 1932 1663 contueri

338 1695 556 1751 Patrem
583 1704 730 1751 esset
744 1711 996 1763 necesse;
1029 1698 1125 1753 sed
1156 1707 1215 1752 ut
1234 1698 1325 1767 qui
1348 1698 1602 1754 adessent
1621 1741 1634 1763 ,
1664 1699 1932 1769 intellige-

337 1798 459 1844 rent
499 1804 530 1842 a
567 1804 673 1858 quo
697 1789 912 1844 virtutis
945 1797 1105 1844 tanta:
1163 1789 1464 1859 accepisset
1499 1789 1770 1845 elfectum.
1831 1791 1932 1845 Dat

2037 505 2159 561 gam
2186 499 2242 545 et
2268 490 2584 562 naufragam
2625 499 2947 548 revertetur.
2980 491 3038 546 In
3061 501 3252 562 quarta
3283 493 3426 547 enim
3455 493 3632 548 noctis

2033 583 2212 654 vigilia
2236 623 2252 651 ,
2281 584 2502 638 totidem
2532 584 2910 639 sollicitudinis
2937 585 3056 655 ejus
3076 599 3336 640 numerus
3361 585 3633 655 reperitur

2037 673 2228 747 (Ibid.,
2254 673 2373 747 25).
2406 676 2583 731 Prima
2614 676 2758 732 enim
2783 676 2962 748 vigilia
3019 676 3121 734 fuit
3177 678 3311 748 legis
3331 719 3346 744 ,
3394 679 3635 734 secunda

2037 767 2419 838 prophetarum
2441 809 2456 833 ,
2485 769 2643 824 tertia
2687 767 2760 839 (ε)
2791 769 3090 838 corporalis
3116 770 3408 836 adventus,
3437 781 3633 841 quarta

2033 867 2211 914 autem
2240 859 2292 912 in
2322 859 2500 915 reditu
2521 860 2805 915 claritatis.
2865 861 2970 917 Sed
3020 861 3257 916 inveniet
3295 861 3488 917 fessam
3511 903 3524 925 ,
3581 872 3636 918 et

2034 950 2340 1006 antichristi
2363 951 2556 1022 spiritu
2583 961 2638 1009 et
2669 953 2833 1008 totius
2863 954 3049 1009 saeculi
3076 954 3312 1011 matibus
3335 955 3634 1013 circumac-

2034 1051 2162 1098 tam.
2195 1043 2387 1100 Veniet
2409 1046 2552 1101 enim
2575 1047 2808 1102 maxime
2836 1047 3009 1101 anxiis
3061 1056 3222 1117 atque
3268 1049 3498 1103 vexatis.
3556 1049 3628 1104 Et

2033 1137 2157 1208 quia
2178 1138 2245 1194 de
2267 1139 2581 1194 antechristi
2605 1141 2999 1195 consuetudine
3015 1141 3080 1195 ad
3109 1156 3326 1196 omnem
3376 1142 3635 1198 tentatio-

2035 1245 2160 1284 num
2183 1227 2262 1301 (Γ)
2289 1230 2585 1286 novitatem
2608 1230 2827 1286 solliciti
2852 1241 3049 1297 erunt;
3080 1233 3242 1287 etiam
3291 1232 3359 1287 ad
3417 1233 3632 1288 Domini

2033 1321 2326 1378 adventum
2354 1333 2746 1393 expavescent,
2790 1323 2952 1380 falsas
2983 1340 3163 1380 rerum
3220 1325 3518 1395 imagines,
3576 1335 3633 1380 et

2033 1416 2377 1486 subrepentia
2409 1418 2578 1473 oculis
2611 1419 2864 1488 ﬁgmenta
2918 1427 3243 1474 metuentes.
3304 1419 3409 1474 Sed
3459 1420 3632 1474 bonus

2037 1509 2294 1566 Dominus
2321 1512 2502 1566 statim
2550 1511 2824 1582 loquetur,
2872 1513 3232 1584 timoremque
3272 1513 3499 1583 apellet,
3552 1514 3636 1568 di—

2031 1611 2225 1673 cetque
2257 1621 2268 1656 :
2303 1602 2416 1674 Ego
2444 1621 2559 1657 sum
2587 1603 2776 1675 (Ibid,
2808 1604 2925 1675 27),
2954 1606 3218 1662 adventus
3244 1607 3329 1661 sui
3380 1607 3486 1662 ﬁde
3513 1623 3632 1662 me-

2036 1701 2146 1748 tum
2172 1695 2434 1766 naufragii
2456 1696 2786 1751 imminentis
2807 1696 3070 1765 apellens.

2110 1787 2197 1842 15.
2233 1785 2376 1840 Petri
2406 1792 2596 1858 fervor,
2627 1787 2833 1857 lapsus,
2867 1791 3181 1858 pwnitentia.
3212 1819 3284 1831 ——
3312 1791 3467 1857 Quod
3497 1805 3629 1846 vero

336 1879 534 1936 deinde
555 1881 832 1952 discipulis
854 1897 1040 1953 panes.
1071 1881 1187 1936 Non
1213 1883 1449 1954 quinque
1499 1883 1930 1952 multiplicantur

2036 1891 2098 1931 ex
2127 1877 2367 1932 omnium
2389 1878 2802 1933 consistentium
2842 1879 2896 1934 in
2935 1880 3059 1934 navi
3099 1896 3327 1936 numero
3352 1922 3366 1947 ,
3397 1897 3627 1952 respon-

341 1973 393 2026 in
421 1973 621 2042 plures,
684 1973 778 2029 sed
801 1972 1443 2044 fragmentisfragmenta
1494 1973 1826 2038 succedunt,
1878 1983 1934 2029 et

341 2065 534 2121 fallunt
546 2081 757 2135 semper
775 2064 848 2138 (ὁ)
869 2065 1153 2137 praefracta
1168 2067 1496 2138 frangentes.
1511 2067 1933 2140 Crescitdeinde

340 2156 631 2212 materies:
659 2156 728 2229 (c)
752 2157 936 2212 nescio
963 2166 1142 2212 utrum
1172 2159 1226 2212 in
1258 2173 1563 2213 mensarum
1593 2159 1714 2214 loco
1733 2201 1748 2224 ,
1779 2176 1845 2213 an
1878 2159 1931 2213 in

337 2249 586 2304 manibus
628 2249 984 2315 sdmentium,
1027 2265 1098 2303 an
1128 2249 1183 2304 in
1236 2264 1330 2305 ore
1382 2247 1460 2321 (ά)
1509 2249 1806 2304 edentium.
1854 2249 1932 2306 Ne

336 2341 534 2395 mirere
555 2339 730 2396 fontes
757 2340 924 2396 liuere
944 2382 958 2405 ,
989 2341 1169 2396 inesse
1197 2356 1330 2396 uvas
1357 2340 1558 2395 vitibus
1577 2382 1592 2406 ,
1617 2348 1673 2396 et
1702 2340 1820 2396 uvis
1848 2341 1936 2395 vi—

337 2447 404 2487 na
430 2431 686 2500 diffundi,
729 2442 785 2489 et
829 2447 1020 2488 omnes
1058 2432 1249 2488 mundi
1299 2447 1430 2502 opes
1469 2447 1652 2488 annuo
1697 2433 1930 2504 quodam

338 2533 517 2579 meatu
540 2522 922 2594 indefessoque
966 2523 1206 2579 deﬂuere
1240 2531 1551 2579 :anctorem
1603 2523 1747 2578 enim
1776 2523 1933 2593 hujus

338 2615 704 2672 universitatis
739 2607 921 2671 tantus
968 2631 1162 2686 panum
1195 2615 1470 2686 profectus
1517 2615 1788 2682 ostendit,
1835 2631 1934 2686 per

338 2723 500 2778 quem
531 2708 625 2762 tali
672 2708 1010 2763 incremento
1059 2707 1251 2763 modus
1298 2717 1642 2778 pertractata:
1693 2709 1933 2763 materiae

337 2800 642 2857 adderetur.
677 2802 868 2872 Agitur
893 2801 1037 2858 enim
1095 2802 1148 2856 in
1189 2815 1357 2871 Opere
1409 2800 1609 2856 visibili
1650 2799 1933 2855 invisibilis

339 2894 549 2949 molitio
581 2904 1020 2950 :etareanorum
1077 2892 1378 2950 caelestium
1431 2892 1720 2960 Dominus,
1778 2907 1934 2946 arca-

340 3003 466 3042 num
489 2987 685 3058 negotii
701 2987 983 3056 praesentis
995 2998 1269 3056 operatur.
1285 2985 1512 3055 Superat
1524 2994 1703 3041 autem
1717 2999 1934 3040 omnem

340 3086 584 3132 naturam
605 3078 776 3132 virtus
793 3078 1086 3145 operantis,
1104 3076 1573 3146 etsupergreditur
1591 3076 1714 3131 facti
1738 3075 1936 3131 intelli-

339 3171 572 3240 gentiam
589 3173 726 3225 ratio
738 3167 972 3235 virtutis,
988 3168 1162 3224 etsola
1184 3169 1507 3239 relinquitur
1518 3167 1803 3223 admiratio
1830 3181 1932 3238 po-

2033 1967 2162 2024 dere
2191 1968 2386 2024 Petrus
2408 1969 2560 2024 solus
2582 1970 2780 2037 audet,
2805 1971 3055 2041 etjuberi
3073 1973 3175 2029 sibi
3201 1981 3261 2028 ut
3282 1989 3446 2044 super
3466 1990 3635 2046 aquas

2034 2061 2099 2115 ad
2135 2061 2414 2116 Dominum
2450 2063 2628 2118 veniat
2646 2074 2902 2135 precatur
2938 2065 3124 2137 (Ibid.,
3176 2068 3311 2140 28);
3365 2070 3632 2139 passionis

2034 2161 2278 2222 tempore
2304 2154 2598 2208 voluntatis
2627 2171 2736 2210 suae
2765 2157 3012 2227 designat
3040 2158 3291 2214 affectum
3318 2201 3334 2226 ,
3367 2169 3479 2214 tum
3507 2178 3632 2216 cum

2034 2244 2182 2299 solus
2209 2253 2359 2299 retro
2380 2245 2606 2301 veniens
2630 2288 2644 2311 ,
2691 2256 2744 2301 et
2764 2248 3006 2319 vestigiis
3066 2249 3282 2305 Domini
3327 2251 3632 2320 inhaerens,

2033 2340 2360 2409 contemptis
2391 2341 2609 2408 saeculi,
2647 2350 2704 2396 ut
2733 2344 2929 2408 maris,
2959 2345 3213 2408 motibus,
3260 2348 3376 2416 pari
3401 2348 3468 2403 ad
3497 2364 3632 2404 eon-

2034 2430 2377 2484 temnendam
2409 2441 2642 2487 mortem
2674 2433 2874 2488 virtute
2896 2435 3185 2492 comitatus
3209 2447 3293 2492 est
3345 2457 3358 2490 :
3403 2439 3500 2494 sed
3548 2441 3633 2495 in-

2036 2519 2345 2575 firmitatem
2375 2520 2570 2577 futurae
2615 2525 2929 2579 tentationis
2961 2525 3217 2582 timiditas
3274 2527 3392 2598 ejus
3446 2541 3629 2585 osten-

2034 2611 2135 2667 dit.
2167 2613 2302 2669 Nam
2331 2617 2578 2685 quamvis
2603 2616 2858 2673 incedere
2883 2633 3048 2674 ausus
3075 2628 3252 2686 esset,
3285 2629 3463 2678 tamen
3507 2625 3637 2679 sub-

2034 2706 2382 2777 mergebatur
2413 2707 2602 2778 (lbid.,
2639 2709 2729 2779 50)
2760 2725 2892 2779 :per
2920 2710 3322 2767 imbecilitatem
3340 2714 3486 2769 enim
3515 2732 3638 2771 car-

2037 2798 2120 2852 nis
2147 2807 2201 2852 et
2249 2808 2451 2853 metum
2485 2799 2705 2869 mortis,
2737 2801 2898 2855 etiam
2942 2817 3112 2872 usque
3153 2803 3221 2858 ad
3265 2806 3498 2876 negandi
3541 2823 3637 2863 ne-

2035 2889 2341 2946 cessitatem
2367 2901 2585 2946 coactus
2617 2901 2720 2948 est.
2769 2892 2876 2948 Sed
2921 2894 3252 2962 proclamat,
3305 2905 3360 2951 et
3405 2897 3634 2953 salutem

2037 2988 2156 3034 orat
2181 2995 2211 3035 a
2247 2981 2493 3036 Domino.
2519 2981 2739 3038 Clamor
2763 2985 2863 3038 iste
2886 3027 2900 3051 ,
2924 2986 3261 3054 paenitentia:
3283 3002 3394 3043 suae
3418 2991 3639 3058 genitus

2036 3081 2138 3126 est.
2167 3071 2415 3128 Nondum
2458 3074 2605 3129 enim
2638 3091 2798 3146 passo
2844 3077 3072 3132 Domino
3127 3079 3181 3132 in
3229 3081 3634 3137 confessionem

2037 3179 2292 3219 reversus
2318 3174 2434 3230 est,
2465 3175 2519 3221 et
2549 3167 2779 3236 negandi
2807 3169 3024 3223 veniam
3053 3167 3239 3225 habuit
3267 3171 3319 3226 in
3353 3181 3633 3243 tempore;

341 3236 569 3317 testatis.
587 3260 734 3317 Ordo
745 3260 908 3316 etiam
924 3275 1205 3314 causarum
1222 3236 1550 3329 operumque
1562 3259 1927 3329 consequitur.
1959 3236 2004 3300 (ἶ
2035 3255 2248 3311 Christo
2269 3266 2454 3328 postea
2471 3273 2568 3328 pro
2594 3259 2967 3314 universorum
2990 3261 3364 3329 redemptione
3384 3279 3634 3334 passuro.

412 3354 499 3409 15.
523 3352 694 3407 Israel
721 3351 951 3421 reliquiis
1000 3351 1093 3404 erit
1128 3349 1291 3404 salus.
1331 3380 1402 3390 —
1433 3346 1782 3404 Conscendere
1823 3358 1938 3420 post

341 3448 448 3502 lucc
469 3447 522 3500 in
546 3461 724 3501 navem
751 3445 1032 3514 discipulos
1059 3444 1336 3514 praecepit,
1383 3443 1544 3496 donec
1601 3441 1775 3494 turbas
1827 3442 1936 3511 ipse

343 3539 616 3594 dimitteret
643 3554 661 3592 :
689 3546 738 3592 et
762 3537 973 3591 dimissa
990 3536 1135 3590 turba
1161 3545 1383 3589 montem
1413 3534 1706 3590 conscendit
1748 3550 1895 3589 orare
1915 3573 1931 3598 ,

345 3638 392 3683 et
420 3645 626 3698 vespere
651 3632 784 3699 facto
809 3629 950 3682 solus
974 3634 1086 3681 erat
1115 3625 1328 3697 (Matth.
1358 3642 1446 3681 xtv
1465 3668 1478 3691 ,
1515 3625 1587 3679 22
1611 3636 1657 3679 et
1681 3627 1797 3698 25).
1831 3627 1937 3681 Ilo-

347 3735 469 3774 rum
496 3719 638 3774 ratio
663 3717 1043 3788 distinguenda
1076 3717 1407 3788 temporibus
1455 3715 1617 3788 742
1645 3727 1744 3773 est.
1779 3717 1933 3783 Quod

346 3827 572 3882 vespere
600 3811 750 3866 solus
773 3817 882 3878 est;
914 3810 1263 3866 solitudinem
1291 3827 1444 3866 suam
1477 3813 1529 3864 in
1549 3822 1790 3881 tempore
1816 3826 1937 3880 pas-

343 3904 517 3960 sionis
543 3903 814 3969 ostendit,
843 3904 1058 3959 cazteris
1082 3903 1437 3974 trepidatione
1481 3901 1724 3971 dilapsis.
1777 3899 1934 3968 Quod

343 4005 524 4053 autem
549 4011 741 4052 navem
769 3995 1140 4052 conscendere
1189 3991 1484 4065 discipulos
1520 3994 1703 4064 jubet,
1757 4004 1809 4048 ct
1855 3995 1936 4049 ire

351 4097 501 4144 trans
529 4088 749 4155 fretum,
776 4088 905 4144 dum
937 4087 1121 4144 turbas
1148 4087 1265 4158 ipse
1293 4086 1547 4151 dimittit,
1600 4096 1657 4140 et
1697 4084 1936 4140 dimissis

349 4180 520 4235 turbis
543 4179 785 4236 ascendit
813 4179 868 4234 in
890 4188 1128 4234 montem
1146 4219 1160 4244 ,
1184 4193 1304 4234 esse
1327 4177 1576 4251 (supple,
1620 4175 1751 4250 eos)
1795 4177 1936 4232 intra

344 4269 640 4330 Ecclésiam
661 4314 676 4340 ,
707 4282 763 4329 et
788 4288 883 4342 per
914 4271 1108 4328 fretum
1133 4312 1150 4340 ,
1177 4272 1230 4326 id
1253 4279 1366 4339 est,
1390 4287 1486 4341 per
1513 4270 1768 4326 sacculum
1809 4270 1936 4326 ferri

346 4378 512 4434 usque
537 4365 592 4418 in
623 4364 674 4419 id
701 4364 1116 4434 tempusjubet,
1146 4377 1252 4433 quo
1273 4373 1552 4419 revertens
1584 4364 1635 4416 in
1673 4362 1935 4417 claritatis

342 4453 577 4510 adventu
595 4455 789 4525 populo
817 4455 1005 4520 omni,
1052 4455 1141 4525 qui
1187 4469 1254 4508 ex
1301 4453 1465 4508 Israel
1503 4454 1606 4509 erit
1652 4453 1931 4524 reliquus,

344 4547 570 4602 salutem
601 4547 790 4603 reddat
818 4547 1194 4617 ipse,cjusque
1223 4556 1439 4616 peccata
1460 4545 1694 4602 dimittat
1715 4565 1728 4601 :
1747 4546 1934 4602 dimis-

341 4653 510 4708 soque
529 4679 544 4704 ,
576 4639 665 4694 vel
696 4639 747 4694 in
773 4638 997 4695 cceleste
1025 4653 1248 4708 regnum
1272 4637 1450 4707 potius
1465 4636 1700 4692 admisso
1724 4678 1740 4702 ,
1772 4652 1934 4708 agens

344 4731 457 4787 Deo
476 4731 613 4802 patri
633 4731 852 4800 gratias,
867 4731 919 4784 in
946 4730 1117 4800 gloria
1133 4730 1249 4799 ejus
1269 4721 1324 4784 et
1353 4729 1634 4799 majestate
1649 4730 1929 4784 consistat.

417 4827 505 4881 M.
537 4824 636 4879 Dei
656 4842 814 4896 supra
847 4825 1128 4879 Ecclesiam
1153 4825 1342 4895 vigilia:
1366 4832 1604 4894 quatuor.
1634 4822 1936 4877 Antichristi

345 4928 526 4974 terror.
554 4949 624 4958 —
643 4918 747 4974 Sed
771 4917 914 4973 inter
933 4917 1052 4973 lucc
1073 4917 1324 4986 discipuli
1346 4925 1508 4970 vento
1562 4931 1624 4970 ac
1665 4916 1799 4970 mari
1831 4917 1935 4970 dif-

342 5012 608 5079 feruntur,
636 5021 690 5067 et
716 5011 842 5066 totis
865 5010 1050 5066 saeculi
1100 5009 1334 5064 motibus
1357 5049 1371 5072 ,
1415 5006 1697 5061 immundo
1740 5007 1934 5077 spiritu

345 5103 973 5174 adversante,jactantnr
1000 5100 1187 5172 (lbid.,
1213 5099 1352 5171 24.).
1385 5099 1490 5154 Sed
1514 5108 1704 5169 quarta
1753 5099 1932 5172 vigilia

416 5239 492 5310 (a)
523 5240 601 5295 Ita
632 5240 813 5297 Codex
842 5239 1068 5296 Carnut.
1101 5251 1222 5292 cum
1245 5233 1401 5291 Colb.
1431 5232 1538 5288 Alii
1566 5249 1725 5302 vevo,
1756 5251 1933 5290 sensus

342 5311 652 5366 sublimitas.

416 5383 490 5454 (ὁ)
511 5382 763 5454 Antiqua}
775 5382 1042 5454 editiones
1067 5377 1416 5454 c_um_aliquot
1444 5391 1598 5454 Ams’s.
1635 5379 1930 5445 praefracta.

344 5448 686 5519 IIu'c'specta't
710 5453 844 5508 illud
875 5453 968 5508 lib.
994 5467 1051 5505 tn
1077 5450 1145 5505 de
1172 5448 1324 5504 Trin.
1357 5466 1412 5504 η,
1437 5448 1470 5502 6
1497 5467 1509 5501 :
1544 5448 1758 5519 Semper
1801 5463 1935 5516 prae-

345 5524 612 5595 [ringentis
665 5541 874 5578 manum
923 5526 1212 5595 fragmenta
1261 5527 1514 5595 occupant
1543 5533 1560 5570 :
1583 5518 1773 5586 fallunt
1825 5533 1946 5595 m_o-_

344 5588 512 5648 naenia
541 5595 725 5656 visum,
757 5596 880 5648 dum
903 5588 1428 5662 plenam_fragntentis
1455 5605 1662 5662 manum
1691 5588 1935 5658 sequeris.

420 5664 492 5735 (c)
515 5665 638 5722 Mss.
672 5666 857 5732 Rom.,
881 5659 1062 5732 Colb.,
1089 5659 1290 5717 Vatiet
1317 5659 1477 5716 Carn.
1510 5659 1682 5714 nescio
1720 5668 1895 5712 utrum
1917 5700 1931 5725 ,

747 5758 1022 5819 Ρηιιοι.
1056 5754 1171 5815 ΙΧ.

1959 4621 2012 4681 D

2113 3350 2198 3404 16.
2233 3349 2336 3405 Cur
2360 3367 2462 3405 non
2496 3368 2527 3405 a
2556 3353 2894 3423 trepidatione
2941 3353 3207 3410 liberatus.
3240 3355 3472 3411 Christus
3521 3374 3633 3412 om.-

2038 3440 2182 3494 nium
2209 3442 2509 3512 redemptio.
2539 3473 2610 3484 —
2630 3429 2784 3511 Quod
2809 3453 2984 3500 autem
3017 3446 3320 3517 trepidandi
3367 3448 3480 3515 illi,
3525 3465 3635 3513 non

2037 3535 2297 3591 virtutem
2329 3536 2675 3606 perveniendi
2705 3537 2772 3592 ad
2803 3553 2862 3592 se
2916 3538 3175 3594 Dominus
3221 3540 3476 3607 indulsit,
3537 3540 3636 3596 sed

2038 3643 2254 3683 manum
2278 3629 2554 3695 extendit,
2607 3631 3117 3702 apprehensumque
3170 3636 3463 3699 sustinuit;
3514 3635 3632 3689 hazc

2038 3721 2176 3776 ratio
2197 3730 2300 3776 est.
2330 3721 2447 3776 Non
2478 3731 2595 3776 erat
2616 3723 2831 3792 quidem
2866 3723 3055 3778 Petrus
3105 3725 3316 3779 Domini
3366 3727 3447 3780 sui
3491 3726 3634 3780 indi-

2037 3827 2174 3883 gnus
2203 3827 2428 3867 accessu
2451 3853 2464 3876 ,
2496 3827 2620 3866 nam
2647 3820 2702 3866 et
2730 3813 2959 3866 tentavit
2987 3813 3270 3879 accedere,
3329 3815 3422 3869 sed
3455 3825 3508 3869 ct
3545 3826 3632 3885 ty-

2040 3906 2189 3976 picus
2215 3905 2267 3959 in
2294 3920 2359 3960 eo
2380 3903 2514 3959 ordo
2537 3912 2782 3958 servatus
2809 3913 2910 3958 est.
2943 3902 3059 3958 Non
3089 3904 3233 3958 enim
3260 3905 3489 3960 Domino
3529 3921 3634 3960 sa:-

2038 3997 2143 4052 culi
2172 4006 2350 4051 motus
2377 3993 2998 4066 tempestatesque743
3046 3995 3276 4051 calcanti
3300 4037 3313 4060 ,
3346 3998 3630 4068 quisquam

2041 4088 2310 4157 passionis
2334 4103 2454 4142 esse
2478 4087 2748 4158 particeps
2772 4095 3019 4157 poterat;
3052 4087 3198 4141 solus
3249 4088 3394 4143 enim
3445 4104 3634 4160 passu-

2039 4195 2130 4234 rus
2153 4195 2250 4248 pro
2271 4177 2520 4232 omnibus
2541 4178 2781 4232 omnium
2826 4187 3044 4247 peccata
3074 4179 3318 4234 solvebat
3350 4198 3362 4232 ε
3395 4196 3496 4236 nec
3539 4196 3632 4237 so-

2039 4270 2179 4324 cium
2196 4269 2448 4336 admittit,
2463 4269 2720 4340 quidquid
2741 4270 3076 4325 universitati
3109 4280 3397 4340 prmstatur
3409 4274 3477 4330 ab
3498 4290 3628 4329 uno.

2039 4362 2116 4418 Ita
2160 4378 2280 4418 cum
2333 4371 2478 4418 esset
2530 4362 2648 4432 ipse
2699 4362 3002 4433 redemptio
3050 4365 3468 4430 universorum.
3513 4376 3633 4422 erat

2040 4453 2202 4510 etiam
2230 4453 2424 4508 Petrus
2450 4459 2576 4508 ante
2597 4452 2949 4510 redimendus
2969 4495 2984 4521 ,
3012 4454 3079 4508 ad
3119 4455 3512 4526 redemptionis
3561 4459 3634 4513 is-

2042 4546 2145 4600 tius
2168 4544 2324 4599 ﬁdem
2355 4543 2433 4618 (g)
2457 4554 2568 4599 tum
2591 4546 2644 4599 in
2666 4543 2864 4600 Christi
2900 4555 3192 4616 martyrem
3226 4559 3552 4605 reservatus.

2114 4637 2196 4690 17.
2234 4636 2418 4690 Petrus
2446 4636 2548 4705 [ide
2575 4646 2780 4692 crateras
2809 4638 3008 4691 anteiit.
3045 4667 3118 4677 ——
3160 4637 3228 4692 Et
3256 4639 3362 4695 hoc
3386 4641 3437 4694 in
3469 4641 3632 4697 Petro

2042 4728 2493 4784 considerandum
2550 4739 2662 4794 est,
2732 4728 2839 4784 ﬁde
2891 4744 3013 4783 eum
3067 4738 3294 4786 caeteros
3346 4733 3629 4790 anteisse:

2036 4837 2160 4875 nam
2192 4821 2561 4890 ignorantibus
2585 4822 2796 4875 caneris
2816 4862 2830 4886 ,
2856 4823 3058 4890 primus
3108 4825 3420 4893 respondit:
3458 4827 3535 4881 Tu
3578 4846 3632 4885 es

2037 4912 2210 4968 Filius
2238 4911 2332 4966 Dei
2357 4914 2453 4967 vivi
2501 4912 2712 4983 (Matth.
2759 4928 2877 4978 xvi,
2920 4913 3030 4986 17).
3059 4915 3268 4972 Primus
3294 4919 3590 4984 passionem
3610 4965 3627 4989 ,

2037 5005 2163 5061 dum
2187 5005 2383 5060 malum
2405 5014 2573 5076 putat,
2597 5005 2891 5061 detestatus
2913 5017 2988 5061 est
3011 5006 3196 5080 (lbid.,
3217 5009 3333 5082 22).
3349 5012 3558 5070 Primus
3578 5026 3635 5072 et

2037 5099 2358 5154 moriturum
2379 5114 2438 5154 se
2457 5141 2472 5168 ,
2503 5107 2560 5154 et
2589 5115 2695 5155 non
2721 5109 3034 5170 negaturum
3078 5103 3366 5174 spopondit
3404 5106 3628 5178 (Matth.

2039 5251 2106 5289 an
2132 5235 2187 5288 in
2217 5250 2572 5289 mensurarum
2609 5236 2742 5291 loco.

2134 5306 2190 5376 ά)
2222 5305 2276 5385 I_n
2308 5320 2421 5385 uno
2467 5322 2570 5385 ms.
2840 5309 3148 5385 credentium
3194 5327 3212 5366 :
3268 5327 3374 5366 non
3436 5315 3633 5385 placet.

2037 5375 2218 5452 Habes
2240 5376 2358 5429 loco
2383 5375 2599 5452 laudato
2621 5377 2689 5430 de
2711 5375 2862 5452 Trin.
2911 5377 3314 5452 Prwfringentes
3355 5385 3409 5437 in
3437 5375 3630 5441 'minis-

2038 5449 2164 5501 tario
2184 5455 2302 5499 sunt
2321 5446 2543 5511 ,edentes
2564 5447 2616 5499 in
2637 5449 2837 5517 negotio
2857 5459 2995 5514 sunt,
3011 5446 3284 5506 esuriEntes
3305 5457 3465 5508 saturi
3489 5469 3632 5514 sunt.

2113 5517 2186 5593 (ᾳ)
2201 5517 2442 5593 Quatuor
2461 5532 2563 5593 non
2580 5516 2852 5593 inferioris
2867 5530 3008 5575 nota:
3020 5535 3124 5576 ms.
3148 5526 3378 5593 corporis
3392 5526 3631 5584 adventu.

2115 5587 2192 5727 (fg
2221 5587 2508 5642 Beccensis
2528 5587 2700 5642 codex
2722 5631 2734 5650 ,
2763 5597 2976 5643 motum.

2115 5659 2168 5727 (g
2226 5657 2366 5713 Editi
2385 5698 2399 5723 ,
2450 5674 2567 5712 cum
2606 5657 2661 5712 in
2691 5657 2882 5714 Christi
2933 5678 2976 5714 ni

2112 5657 2192 5730 (g)
2226 5657 2399 5723 Editi,
2450 5674 2567 5712 cum
2606 5657 2661 5712 in
2691 5657 2882 5714 Christi
2933 5670 3206 5732 martyrem

2969 5753 3050 5815 32

3267 5680 3285 5723 .°
3330 5683 3393 5724 ac
3437 5667 3637 5730 deinde
