4222 6262
602 287 742 348 1003

1765 276 2011 338 SANCTI
2050 274 2302 337 HILARII
2344 279 2646 343 EPISCOPI

3755 279 3898 346 IOOI

596 421 726 461 xxvi
746 446 762 472 ,
789 400 905 473 35).
936 401 1150 458 Primus
1177 399 1342 455 lavari
1372 397 1472 457 sibi
1500 398 1664 469 pedes
1698 397 1974 468 prohibuit
2003 399 2190 472 (Joan.
2222 399 2277 459 Α
2299 401 2665 470 superioribus
2689 400 2872 456 sumit.
2895 397 3276 456 lnlidelitatem
3298 399 3444 456 enim
3468 399 3896 473 Pharisreorum,

599 513 728 560 1m.
751 496 831 564 8).
863 494 1110 548 Gladium
1138 508 1352 563 quoque
1377 494 1641 548 adversus
1694 505 1820 556 eos,
1867 493 1958 562 qui
2013 493 2196 547 Domi-

601 604 731 646 num
790 586 1352 654 comprehendebant,
1399 586 1582 642 eduxit
1624 587 1826 658 (Joan.
1884 601 2044 654 xvm,
2090 585 2196 657 l0).

677 681 761 736 18.
805 682 1044 736 Ascensu
1076 691 1254 737 autem
1281 681 1397 751 ejus
1424 682 1476 736 in
1505 683 1707 751 navim,
1743 693 1961 740 ventum
1980 691 2035 737 et
2051 695 2200 735 mare

601 789 726 831 esse
745 773 988 829 sedatum
1012 792 1025 828 :
1057 783 1177 845 post
1198 775 1458 830 claritatis
1487 790 1598 830 suae
1620 776 1876 843 reditum,
1901 775 1978 849 (a)
2000 786 2200 830 teterna

600 866 860 923 Ecclesiae
883 884 985 940 pax
1014 876 1068 922 et
1100 869 1460 938 tranquillitas
1491 868 1779 924 indicatur.
1812 869 1882 923 Et
1927 868 2052 938 quia
2088 878 2199 922 tum

601 959 923 1016 manifestus
943 958 1218 1023 adveniet,
1239 969 1386 1014 recte
1407 959 1742 1016 admirantes
1777 958 2017 1014 universi
2035 957 2202 1014 locuti

603 1062 759 1108 sunt:
786 1051 912 1106 Vere
922 1052 1061 1122 [ilius
1077 1051 1174 1107 Dei
1189 1062 1263 1106 est
1277 1052 1488 1121 (Matth.
1506 1069 1621 1120 xiv,
1637 1050 2044 1114 53).Conl‘essio
2057 1051 2199 1105 enim

604 1144 981 1198 universorum
1003 1152 1112 1197 tum
1129 1152 1182 1198 et
1203 1142 1448 1198 absoluta
1469 1153 1525 1199 et
1547 1145 1756 1214 publica
1775 1145 1898 1209 erit,
1922 1143 2013 1197 Dei
2033 1139 2200 1196 [illum

609 1251 716 1291 non
735 1236 847 1306 jam
879 1237 932 1291 in
955 1235 1257 1290 humilitate
1281 1251 1564 1306 corporea,
1596 1235 1691 1292 sed
1714 1236 1769 1291 in
1795 1234 1966 1306 gloria
1993 1232 2200 1290 ccelesti

604 1342 792 1398 pacem
825 1326 1081 1382 Ecclesia:
1121 1326 1195 1398 (li)
1231 1326 1550 1381 reddidisse.

689 1419 773 1474 19.
811 1418 893 1472 Ea:
923 1418 1126 1473 Christo
1155 1420 1325 1490 prodit
1352 1419 1703 1487 apostolorum
1752 1419 1933 1472 virtus.
1972 1447 2042 1457 —
2073 1417 2203 1471 Cum

609 1511 1056 1581 transfretassent,
1081 1521 1325 1564 venerunt
1351 1512 1403 1564 in
1422 1521 1610 1565 (errant
1642 1510 1906 1564 Gennesar
1939 1526 1957 1562 :
1990 1519 2036 1563 et
2085 1524 2200 1562 cum

607 1605 955 1673 cognovissent
989 1619 1105 1657 eunt
1126 1603 1221 1657 viri
1250 1603 1348 1657 loci
1375 1602 1517 1656 illius
1535 1643 1549 1669 ,
1582 1602 1870 1656 odorabunt
1897 1617 2010 1656 eum
2035 1599 2196 1672 (Ibid.

603 1693 675 1750 54
714 1706 758 1750 et
787 1695 900 1767 55).
960 1697 1030 1766 (c)
1078 1697 1238 1750 Multa
1271 1706 1324 1750 et
1351 1697 1526 1750 media
1556 1697 1898 1763 inciderunt,
1924 1711 2046 1766 quae
2069 1709 2197 1757 nos,

2303 501 2356 546 et
2407 492 2476 564 (ε)
2518 491 2811 562 opprobrio
2860 507 3126 547 carcerum
3167 492 3388 558 ducum,
3436 503 3491 548 et
3542 493 3900 552 humanarum

2303 585 2649 641 traditionum
2693 586 3168 653 superstitionibus
3209 585 3476 656 coarguit.
3514 585 3580 640 Et
3629 597 3747 656 post
3773 591 3897 644 hac

2303 676 2368 731 ad
2397 678 2645 747 regiones
2675 677 2801 748 Tyri
2829 687 2884 733 et
2911 675 3130 733 Sidonis
3158 678 3326 742 venit,
3358 688 3414 732 et
3436 675 3806 733 Chananzea-a
3837 680 3903 733 Ii-

2303 771 2462 826 nibus
2512 771 2619 826 illis
2645 786 2860 841 egressa
2892 770 3093 826 clamat
3120 780 3280 841 atque
3328 780 3469 839 orat,
3507 779 3564 827 et
3611 771 3907 828 Dominum

2306 863 2474 917 David
2491 863 2657 919 lilium
2676 864 2985 931 confitetur,
3010 875 3066 921 et
3092 864 3213 919 lilia:
3243 878 3356 919 suae
3385 879 3544 936 opem
3575 868 3770 935 poscit.
3800 866 3907 922 Do-

2305 957 2482 1011 minus
2509 957 2653 1022 silet,
2683 957 2932 1028 discipuli
2976 973 3074 1028 pro
3105 972 3168 1014 ea
3197 967 3390 1027 rogant
3415 974 3427 1008 :
3451 957 3647 1028 quibus
3677 972 3740 1012 se
3772 973 3905 1028 per-

2304 1047 2428 1104 ditis
2471 1049 2661 1104 ovibus
2698 1049 2894 1105 domus
2943 1050 3104 1104 Israel
3152 1050 3376 1104 missum
3415 1063 3535 1105 esse
3581 1049 3902 1120 respondet.

2305 1141 2397 1196 Illa
2419 1156 2548 1196 vero
2569 1141 2825 1208 adorans,
2853 1141 3097 1212 adjuvari
3127 1155 3184 1196 se
3214 1141 3487 1213 postulat:
3519 1141 3604 1195 cui
3637 1143 3901 1197 Dominus

2305 1235 2400 1300 ait,
2427 1235 2671 1289 illicitum
2691 1250 2810 1290 esse
2834 1250 3023 1304 panem
3048 1233 3277 1292 llliorum
3308 1234 3532 1288 canibus
3556 1233 3778 1290 offerre.
3809 1235 3908 1290 Vi-

2303 1327 2597 1396 cissimque
2625 1327 2712 1380 illa
2741 1325 3046 1394 respondet,
3075 1325 3447 1380 decidentibus
3481 1325 3549 1380 de
3579 1339 3763 1380 mensa
3796 1324 3902 1379 do-

2304 1420 2574 1474 minorum
2605 1418 2757 1472 micis
2792 1417 2861 1472 ali
2902 1418 3124 1472 catellus
3169 1416 3364 1472 solere.
3404 1416 3534 1472 Post
3579 1431 3701 1486 qua
3741 1416 3905 1470 ﬁdem

2304 1509 2422 1579 ejus
2453 1509 2710 1564 Dominus
2748 1507 3037 1574 collaudat,
3082 1519 3136 1564 et
3177 1508 3231 1562 in
3269 1519 3513 1578 tempore
3541 1509 3660 1577 ipso
3708 1507 3906 1578 puella

2304 1602 2507 1656 sanitas
2543 1600 2749 1655 reddita
2773 1610 2855 1655 est
2879 1599 3042 1670 (Ibid.
3065 1641 3080 1663 ,
3110 1600 3331 1670 95-28).

2377 1693 2430 1746 5.
2464 1689 2756 1746 ΟΙιαηαηωα
2778 1692 3148 1762 proselytorum
3177 1691 3366 1764 ﬁgura.
3402 1689 3679 1745 Chanmi
3705 1691 3814 1759 qui.
3839 1720 3910 1732 -—

604 1797 727 1857 post
775 1789 1010 1857 quinque
1039 1789 1266 1842 millium
1289 1789 1526 1842 virorum
1577 1800 1625 1844 et
1657 1788 2125 1858 congregationem
2152 1793 2206 1839 et
2234 1790 2281 1850 B
2313 1784 2380 1842 Ut
2400 1786 2560 1855 igitur
2587 1785 2698 1850 illa,
2726 1800 2844 1853 quae
2863 1794 3012 1855 gesta
3043 1794 3190 1849 sunt,
3218 1799 3281 1838 ea
3313 1799 3434 1853 quas
3461 1784 3684 1839 interior
3701 1795 3788 1840 est
3817 1799 3912 1839 ra-

604 1877 908 1936 satietntem
930 1917 945 1942 ,
971 1876 1258 1932 reddendis
1280 1877 1507 1931 rationis
1533 1878 1713 1933 studio
1738 1877 2014 1932 demorata
2036 1885 2198 1931 sunt:

609 1986 802 2026 sensus
823 1982 1003 2026 autem
1031 1986 1202 2039 usque
1226 1970 1281 2025 in
1313 1971 1454 2024 hunc
1483 1971 1659 2024 locum
1691 1970 1830 2025 idem
1865 1980 1966 2024 est.
2014 1969 2204 2023 Finitis

606 2064 750 2118 enim
775 2062 908 2130 legis
939 2062 1276 2130 temporibus
1301 2104 1316 2128 ,
1344 2069 1400 2115 et
1420 2077 1487 2116 ex
1513 2061 1674 2115 Israel
1703 2061 1940 2132 quinque
1968 2060 2205 2114 millibus

604 2155 842 2210 virorum
867 2155 1006 2208 intra
1040 2154 1340 2208 Ecclesiam
1366 2154 1679 2220 collocatis,
1710 2155 1820 2221 jam
1867 2151 2205 2207 credentium

606 2244 1050 2320 (lsraelitarnm)
1085 2244 1314 2313 pepulus
1339 2246 1578 2298 occurrit
1627 2261 1640 2297 :
1661 2245 1772 2314 jam
1807 2245 1922 2313 ipse
1972 2259 2038 2298 ex
2087 2244 2206 2312 lege

605 2353 705 2408 per
732 2339 892 2392 ﬁdem
915 2339 1128 2403 salvus,
1154 2336 1389 2406 reliquos
1416 2351 1481 2390 ex
1507 2336 1620 2389 suis
1667 2336 1912 2390 infirmos
1940 2344 2206 2404 aegrotos-

608 2445 714 2500 que
742 2429 975 2484 aﬂ'erens
998 2429 1260 2493 Domino,
1293 2427 1570 2497 oblatique
1623 2427 1860 2482 ﬁmbrias
1906 2426 2201 2481 vestimen-

609 2532 788 2580 torum
820 2521 1134 2590 contingere
1161 2520 1456 2590 optabant,
1487 2520 1604 2574 sani
1656 2535 1753 2590 per
1805 2520 1965 2574 ﬁdem
2018 2520 2204 2574 futuri.

607 2612 715 2669 Sed
737 2623 795 2667 ut
822 2628 888 2672 ex
921 2622 1071 2667 veste
1102 2619 1218 2666 tota
1264 2610 1492 2666 ﬁmbriae
1512 2652 1525 2674 ,
1549 2612 1622 2664 ita
1651 2626 1716 2665 ex
1749 2611 1975 2664 Domino
2023 2621 2208 2664 n05tro

610 2701 742 2760 Jesu
764 2703 980 2758 Christo
1000 2703 1171 2758 sancti
1187 2703 1418 2772 Spiritus
1436 2703 1604 2755 virtus
1617 2702 1747 2756 exiit
1765 2720 1776 2755 :
1792 2717 1916 2772 quae
1950 2702 2209 2771 apostolis

607 2795 754 2863 data,
774 2794 903 2864 ipsis
917 2808 1129 2864 quoque
1154 2803 1422 2859 tamquam
1436 2809 1502 2848 ex
1515 2793 1703 2847 eodem
1718 2809 1943 2862 corpore
1961 2794 2211 2848 exeunti-

608 2888 732 2955 bus,
773 2887 1001 2942 salutem
1018 2886 1100 2942 liis
1114 2885 1206 2956 qui
1224 2885 1537 2953 contingere
1561 2881 1801 2954 cupiunt,
1815 2884 2205 2940 subministrat.

1227 2977 1454 3034 CAPUT
1495 2977 1610 3032 XV.

613 3067 693 3134 De
720 3072 954 3154 lavandis
977 3071 1212 3125 manibus
1232 3111 1246 3136 ,
1275 3079 1320 3124 et
1344 3086 1446 3124 non
1471 3086 1530 3123 ea
1553 3085 1668 3139 qua:
1697 3070 1751 3123 in
1779 3085 1834 3122 os
1862 3070 2089 3136 intrant,
2119 3070 2209 3124 sed

2311 1880 2384 1934 tio
2431 1886 2830 1948 consequatur;
2879 1894 3001 1948 quae
3044 1877 3370 1932 Chananaire
3409 1893 3630 1946 persona
3668 1879 3768 1944 sit,
3826 1893 3904 1939 ex

2309 1970 2440 2040 ipsis
2486 1971 2770 2026 verborum
2810 1970 3094 2024 virtutibus
3141 1970 3506 2024 contuendum
3541 1980 3638 2024 est.
3675 1970 3897 2037 Fuisse,

2309 2075 2470 2136 atque
2499 2067 2660 2121 etiam
2693 2080 2816 2121 esse
2847 2081 3011 2136 penes
3041 2065 3206 2120 Israel
3239 2066 3633 2136 proselytorum
3655 2066 3905 2135 plebem,

2316 2157 2451 2213 tldes
2495 2167 2642 2213 certa
2679 2169 2803 2213 est:
2838 2174 2959 2228 quae
2991 2158 3125 2229 (scil.
3170 2158 3567 2230 proselytorum
3617 2158 3800 2229 pleb~)
3842 2157 3914 2213 de

2307 2251 2557 2322 gentibus
2576 2250 2632 2304 in
2671 2249 2804 2321 legis
2833 2267 2995 2320 opera
3020 2251 3370 2317 transcendit,
3410 2262 3466 2306 et
3492 2252 3622 2305 vita
3667 2251 3916 2304 anterio-

2311 2343 2386 2398 ris
2415 2358 2631 2414 egressa
2657 2345 2954 2414 regionem,
2989 2344 3288 2414 peregrina:
3317 2343 3754 2411 doniinantisque
3775 2342 3918 2412 legis

2313 2446 2589 2508 tamquam
2624 2438 2786 2492 domo
2813 2437 3209 2492 continebatur.
3252 2436 3542 2491 Chananasi
3579 2445 3762 2490 autem
3797 2435 3916 2490 lue-

2311 2541 2438 2586 runt
2482 2541 2672 2596 terras,
2714 2531 2768 2585 in
2795 2531 2989 2601 quibus
3030 2545 3170 2585 nunc
3196 2529 3382 2585 Indica
3420 2537 3522 2596 est,
3555 2529 3864 2584 incolentes
3897 2545 3911 2580 :

2311 2625 2403 2695 qui
2431 2625 2513 2680 vel
2539 2625 2681 2679 bello
2723 2625 3048 2694 consumpti,
3078 2625 3163 2679 vel
3203 2625 3257 2678 in
3283 2624 3400 2678 loca
3439 2623 3610 2678 vicina
3638 2619 3897 2690 dispersi,

2313 2719 2396 2774 vel
2419 2717 2474 2772 in
2502 2717 2818 2772 servitutem
2845 2717 3181 2772 devictorum
3205 2717 3511 2772 conditione
3531 2714 3786 2783 subjecti.
3813 2727 3914 2767 no-

2315 2828 2442 2868 men
2493 2821 2701 2866 tantum
2742 2813 2858 2867 sine
2895 2813 3072 2884 patria
3111 2813 3241 2868 sede
3289 2811 3700 2868 circumferunt.
3749 2809 3914 2864 Plebs

2313 2904 2474 2973 igitur
2505 2903 2621 2958 haec
2659 2917 2780 2957 cum
2813 2903 3015 2959 Judaais
3046 2904 3279 2959 admixta
3319 2903 3388 2960 de
3416 2903 3667 2974 gentibus
3711 2910 3815 2956 est.
3847 2899 3916 2954 Et

2312 2997 2440 3065 quia
2479 3010 2586 3050 non
2627 3005 2712 3050 est
2737 2992 3065 3066 ambiguum,
3111 2996 3164 3051 in
3197 3011 3264 3051 ea
3292 2997 3445 3050 turba
3490 3011 3611 3065 qua:
3656 2991 3913 3059 credidit,

2315 3096 2522 3156 Partem
2553 3091 2871 3146 noniiullum
2905 3091 3298 3164 proselytorum
3330 3090 3525 3156 fuisse,
3571 3089 3768 3143 merito
3797 3087 3916 3141 haec

683 3182 746 3222 ea
771 3182 884 3237 qua:
921 3181 982 3219 ea:
1003 3181 1088 3219 ore
1122 3173 1307 3218 exeunt
1335 3164 1634 3234 inquinare,
1666 3165 1730 3216 de
1759 3163 1870 3233 filia
1901 3162 2208 3219 Chananeus

2315 3178 2643 3246 Chananaea,
2675 3182 3072 3253 proselytorum
3093 3162 3102 3164 ί
3121 3181 3353 3236 formam
3380 3182 3694 3250 praeferens,
3725 3177 3918 3232 existi—

691 3258 950 3322 ntulieris,
985 3258 1046 3310 de
1075 3268 1266 3323 septem
1295 3257 1513 3325 panibus
1541 3266 1588 3309 et
1617 3256 1794 3323 paucis
1822 3255 2066 3324 piscibus.

689 3350 742 3403 ί.
769 3348 846 3417 (d)
869 3347 1011 3400 Tunc
1023 3356 1341 3400 accesserunt
1367 3349 1434 3399 ad
1450 3362 1565 3400 eum
1591 3346 1785 3400 Scriba:
1805 3355 1853 3400 et
1883 3345 2136 3402 Pharisaei
2153 3348 2215 3400 ab

615 3439 954 3508 Jerosolymis
974 3480 989 3504 ,
1020 3439 1241 3492 dicentes
1263 3479 1278 3505 ,
1310 3446 1414 3492 etc.
1446 3437 1664 3510 (.llattli.
1697 3455 1785 3504 xv,
1833 3439 1911 3509 l).
1955 3439 2216 3495 Absoluta

617 3542 672 3588 et
695 3531 966 3584 dictorum
997 3537 1050 3583 et
1075 3536 1348 3597 gestorum
1373 3529 1424 3581 in
1448 3529 1909 3598 consequentibus
1937 3531 2078 3584 ratio
2099 3541 2214 3587 est:

623 3636 749 3678 nam
778 3618 864 3674 his
885 3660 900 3686 ,
930 3634 1049 3690 quae
1075 3616 1240 3690 744
1261 3618 1536 3688 proposita
1567 3619 1807 3691 fuerant,
1844 3621 1960 3690 ipse.
1988 3637 2217 3691 reSpon-

619 3711 731 3778 dit,
773 3727 998 3768 omnem
1053 3711 1474 3781 plantationem,
1523 3727 1644 3781 quae
1691 3727 1796 3766 non
1852 3728 1883 3767 a
1929 3712 2088 3769 Patre
2115 3716 2215 3781 sit,

622 3801 1002 3860 eradicandam
1029 3802 1214 3858 dicens
1247 3799 1448 3872 (1bid.,
1481 3802 1594 3872 15),
1631 3802 1680 3855 id
1729 3811 1846 3867 est,
1873 3805 2218 3860 traditionem

621 3893 902 3950 hominum
945 3893 1242 3951 eruendam
1272 3934 1288 3958 ,
1329 3894 1483 3962 cujus
1529 3894 1746 3959 favore,
1785 3895 1918 3966 legis
1955 3908 2220 3967 prmcepta

621 3986 946 4056 transgressi
967 3995 1088 4040 sunt
1118 4003 1130 4038 :
1158 3993 1212 4040 et
1241 3985 1360 4040 idco
1391 4000 1513 4040 esse
1544 4000 1640 4040 eos
1665 3985 1832 4042 duces
1860 4003 2062 4056 caecos,
2099 3992 2220 4046 vitae

622 4089 844 4136 teternte
885 4081 985 4133 iter
1023 4077 1163 4148 quod
1193 4093 1299 4132 non
1333 4077 1551 4132 videant
1582 4079 1918 4148 pollicentes,
1949 4085 2218 4153 caecisque

621 4175 755 4244 ipsis
784 4183 838 4228 et
858 4170 1085 4226 ducibus
1107 4185 1374 4226 caecorum
1402 4186 1585 4226 casum
1610 4171 1663 4224 in
1695 4172 1900 4228 foveam
1929 4189 2054 4230 esse
2073 4191 2224 4230 com-

627 4280 867 4320 munem.
1784 4249 1795 4260 ’

698 4357 754 4410 2.
796 4355 893 4426 (αι.
927 4352 1156 4409 CANON
1183 4357 1273 4422 xv)
1303 4351 1370 4406 Et
1382 4367 1612 4423 egressus
1635 4355 1752 4409 inde
1779 4355 1929 4411 Iesus
1956 4360 2154 4412 secessit
2170 4362 2223 4414 in

629 4460 797 4524 partes
825 4448 950 4520 Tyri
975 4458 1020 4502 et
1050 4447 1281 4502 Sidonis.
1318 4445 1386 4499 Et
1415 4463 1526 4501 ecce
1556 4447 1740 4502 mulier
1769 4449 2062 4503 Chananwa
2091 4471 2124 4505 α
2153 4454 2219 4520 fi-

2317 3271 2552 3325 mabitur
2591 3272 2728 3327 ﬁnes
2768 3287 2896 3327 suos
2941 3287 3183 3344 egressa,
3215 3288 3280 3327 ex
3317 3272 3569 3343 gentibus
3613 3269 3822 3324 scilicet
3859 3267 3914 3321 in

2317 3363 2498 3432 populi
2523 3362 2748 3417 alterius
2773 3380 2968 3418 nomen
2999 3363 3270 3419 excedens
3296 3382 3308 3416 :
3333 3379 3452 3433 quae
3477 3378 3576 3434 pro
3604 3360 3725 3425 lilia,
3761 3360 3918 3414 vide-

2319 3453 2442 3509 licet
2475 3457 2712 3524 gentiutn
2745 3457 2926 3524 plebe,
2955 3466 3096 3510 orat.
3129 3457 3197 3512 Et
3224 3458 3348 3527 quia
3378 3457 3660 3510 Dominum
3706 3466 3914 3520 cogno—

2321 3547 2395 3597 vit
2433 3559 2500 3598 ex
2547 3545 2686 3615 lege,
2727 3547 2892 3602 David
2933 3547 3104 3602 tilium
3160 3556 3456 3616 nuncupat.
3505 3545 3560 3601 In
3605 3545 3717 3613 lege
3752 3543 3916 3596 enim

2319 3641 2466 3710 virga
2516 3640 2584 3695 de
2623 3641 2806 3697 radice
2844 3643 2998 3698 Jesse
3022 3643 3194 3715 (Esai.
3227 3660 3302 3708 xi,
3327 3643 3407 3713 l),
3455 3650 3517 3697 et
3559 3639 3722 3694 David
3758 3637 3914 3692 ﬁlius

2320 3731 2508 3785 aeterni
2531 3740 2586 3785 et
2605 3732 2844 3787 celestis
2869 3735 3019 3805 regni
3049 3750 3143 3788 rex
3171 3736 3481 3788 continetur
3501 3731 3640 3803 (ter.
3661 3745 3812 3792 xxnt,
3835 3727 3915 3799 5).

2393 3821 2450 3876 4.
2483 3819 2793 3878 Chananeus
2818 3825 2931 3893 ﬁlia
2963 3834 3143 3896 typum
3166 3827 3296 3897 gerit
3323 3824 3587 3880 Ecclesia.
3627 3821 3782 3876 Fidei
3813 3821 3921 3882 pri-

2323 3915 2482 3967 mitiae
2521 3931 2584 3968 ea:
2609 3914 2794 3970 Israel.
2823 3946 2896 3958 —
2926 3918 3045 3989 Ipsa
3080 3919 3299 3988 quidem
3346 3918 3624 3974 curatione
3650 3916 3760 3984 jam
3809 3928 3923 3969 non

2321 4015 2466 4075 eget,
2510 4021 2631 4076 qum
2667 4006 2940 4064 Christum
2987 4019 3043 4065 et
3103 4011 3387 4066 Dominum
3433 4018 3488 4066 et
3545 4009 3712 4064 David
3739 4007 3925 4061 ﬁlium

2321 4097 2649 4152 confitetur:
2677 4099 2771 4154 sed
2815 4101 2936 4155 lilize
2973 4117 3108 4167 suae,
3160 4103 3304 4172 plebi
3348 4102 3599 4158 videlicet
3635 4099 3910 4172 ﬁctilium.

2325 4187 2487 4260 745
2518 4189 2794 4247 dominatu
2837 4195 3236 4250 immundorum
3283 4194 3569 4263 spirituum
3615 4206 3916 4261 occupata,

2325 4295 2483 4349 Opem
2529 4286 2720 4352 poscit.
2773 4286 3032 4341 Dominus
3071 4297 3248 4354 tacet,
3287 4287 3359 4361 (Γ)
3409 4288 3611 4342 silentii
3661 4285 3928 4354 patientia

2325 4372 2492 4428 lsrael
2525 4377 2859 4447 privilegium
2904 4381 3096 4434 salutis
3137 4395 3448 4436 reservans.
3483 4380 3551 4436 Et
3599 4381 3924 4434 miserantes

2333 4465 2582 4536 discipuli
2615 4485 2800 4537 preces
2821 4471 3057 4542 jungunt
3083 4493 3094 4526 :
3124 4475 3220 4529 sed
3269 4489 3522 4531 arcanum
3565 4473 3660 4528 ille
3687 4483 3932 4542 paterna:

629 4543 779 4598 nibus
807 4542 911 4595 illis
933 4555 1158 4610 egressa,
1186 4537 1446 4598 clamavit.
1467 4548 1521 4593 et
1543 4539 1747 4608 reliqua
1766 4539 1926 4608 (Ibid.
1951 4542 2016 4595 21
2043 4553 2089 4596 et
2102 4543 2209 4614 ‘22).

2334 4559 2621 4612 voluntatis
2657 4563 2960 4629 continens,
2993 4567 3188 4622 ovibus
3217 4581 3278 4621 se
3317 4567 3540 4636 perditis
3581 4566 3748 4621 Israel
3795 4565 3929 4620 mis-

631 4635 856 4692 Divcrsa
879 4633 1216 4688 curationum
1254 4648 1452 4702 genera
1479 4632 1722 4689 diversos
1744 4650 2028 4690 causarum
2073 4652 2223 4692 com-

631 4730 945 4800 plectuntur
973 4725 1194 4782 ellectus
1222 4743 1234 4777 ;
1261 4724 1356 4780 sed
1385 4739 1472 4779 res
1491 4733 1650 4796 atque
1676 4743 1858 4782 sermo
1883 4727 2130 4786 ordinem
2152 4747 2220 4786 ex

636 4907 802 4963 iidem
822 4913 1047 4974 excepto
1061 4901 1192 4957 Bnd.
1214 4910 1517 4956 reservatur.
1532 4901 1886 4975 corriguntur
1903 4908 2224 4966 auctoritate

633 4994 767 5035 mss.

708 5048 786 5122 (a)
815 5045 969 5122 Bad.,
993 5043 1086 5098 Er.
1114 5052 1170 5098 et
1189 5059 1321 5122 mss.
1361 5052 1572 5122 alterum
1619 5044 1886 5122 Ecclesia.
1929 5043 2223 5115 Superiora

635 5115 727 5177 εἷθ’
747 5115 1000 5172 vertenda
1030 5125 1151 5170 sunt
1179 5133 1190 5167 :
1222 5115 1370 5180 Quod
1387 5127 1556 5169 autem
1583 5133 1723 5167 mare
1736 5120 1966 5170 sedatum
1990 5131 2084 5182 est,
2115 5131 2220 5175 etc.

710 5193 785 5260 (ὁ)
812 5188 963 5254 Αμυά
988 5188 1193 5260 Putant
1215 5188 1264 5238 in
1294 5201 1424 5260 mss.
1474 5186 1728 5260 Colb.__et
1774 5186 1936 5260 Carn.
1983 5192 2175 5245 redisse
2208 5209 2226 5247 :

679 5255 814 5315 oteSt
847 5268 902 5312 ct
927 5273 991 5313 ea
1019 5257 1178 5331 lectio
1212 5256 1426 5331 retineri
1446 5299 1459 5322 ,
1490 5274 1591 5326 qm
1615 5255 1848 5331 Chrisui,
1879 5261 1968 5328 qui
1999 5273 2082 5314 est
2123 5279 2225 5331 pax

687 5331 933 5391 cclcsiue,
981 5330 1248 5395 gloriosus
1296 5326 1498 5398 reditus
1545 5330 1869 5398 praedicetur
1899 5326 1909 5328 “
1943 5326 2221 5389 Deindeiu

637 5405 825 5459 iisdem
872 5415 998 5453 mss.
1027 5415 1142 5453 cum
1184 5397 1582 5465 transit-etesset.
1625 5398 1741 5452 Mox
1789 5403 2100 5466 reponimus
2157 5419 2224 5460 ex

637 5491 744 5530 ms.
772 5473 928 5527 Micu.
965 5469 1246 5544 Genuesar,
1275 5469 1691 5544 quodproprius
1715 5471 1925 5525 accedit
1962 5475 2026 5527 ad
2056 5491 2218 5544 grmc,

638 5545 943 5612 Γεννεσαρέθ
967 5582 982 5608 ,
1017 5539 1107 5594 ubi
1137 5542 1201 5612 in_
1219 5540 1491 5612 nonnullis
1517 5580 1532 5605 ,
1564 5539 1850 5604 Gennasar,
1895 5545 2036 5612 apud
2058 5539 2220 5600 'Bad.

637 5627 691 5686 et
717 5617 806 5669 Er.
841 5610 1156 5667 Gennassur.
1185 5610 1240 5663 lu
1267 5611 1481 5665 caeteris
1497 5612 1779 5667 codicibus
1805 5624 1864 5666 ut
1893 5610 1945 5669 in
1977 5616 2223 5686 Vulgata,

641 5684 884 5738 Genesar.

711 5755 780 5821 (c)
811 5754 1030 5820 Aliquot
1058 5765 1190 5806 mss.
1223 5750 1384 5804 multa
1412 5767 1438 5804 e
1467 5753 1652 5806 medio.

2330 4661 2449 4702 sum
2473 4665 2594 4704 esse
2623 4655 2900 4722 respondit
2928 4673 2941 4708 :
2968 4666 3026 4712 ut
3053 4659 3298 4714 absolute
3331 4661 3578 4730 liqueret,
3607 4669 3794 4730 typum
3829 4658 3934 4713 Ec-

2324 4740 2506 4796 clesiae
2543 4740 2865 4800 Chananaare
2896 4748 3058 4804 ﬁliam
3081 4751 3536 4818 continere;cum
3559 4751 3649 4804 illa
3677 4758 3932 4821 posceret

2402 4915 2483 4995 (ά)
2509 4918 2648 4995 Editi
2681 4920 2783 4974 hoc
2811 4939 2875 4976 xv
2901 4935 3066 4994 caput
3095 4943 3126 4981 u
3153 4929 3332 4983 verbis
3360 4945 3508 4984 num.
3542 4929 3933 4995 2,0rdiuntnr,

2327 4986 2724 5056 refragantibus
2755 5009 2885 5067 mss.
2923 4986 3130 5052 necnon
3171 5015 3326 5054 Sacro
3359 5010 3503 5056 testu
3529 4986 3933 5067 dissentiente;

2328 5071 2448 5138 cum
2483 5069 2743 5138 praeterea
2773 5066 2943 5138 prima
2972 5070 3252 5125 titulorum
3286 5087 3408 5138 pars
3430 5071 3493 5124 de
3520 5073 3754 5124 lavandis
3815 5066 3935 5125 nea;

2522 5140 2656 5196 ctc.,
2681 5133 2745 5186 ad
2771 5129 3000 5204 primum
3025 5129 3608 5209 dunitaxaitittttierum
3625 5142 3820 5196 referri
3844 5160 3938 5196 va-

2387 5217 2398 5250 ἱ
2441 5218 2452 5251 Ι
2488 5240 2500 5251 .

2387 5217 2500 5251 illll.

2402 5290 2471 5361 (ε)
2504 5292 2560 5346 In
2607 5295 2859 5365 vulgatis,
2885 5310 2931 5353 et
2971 5304 3327 5369 approbrium.
3360 5303 3577 5358 Rectius
3608 5306 3661 5358 in
3692 5304 3940 5358 meliori-

2329 5361 2431 5417 bus
2456 5381 2582 5438 mss:
2611 5361 2907 5434 opp'robrio,
2933 5361 3053 5426 scil;
3085 5378 3324 5438 coarguit
3355 5390 3420 5429 ac
3441 5374 3659 5429 damnat
3709 5376 3938 5430 italideli-

2333 5443 2493 5488 tatem
2530 5435 2943 5496 Pharisaeorum.
2991 5444 3191 5498 Deinde
3216 5435 3348 5500 Bad.
3373 5458 3424 5499 et
3456 5445 3573 5508 En,
3605 5458 3652 5499 et
3678 5448 3938 5500 Ιιιιιιιαιιο-

2331 5521 2445 5557 rum
2472 5508 3242 5586 traditionemsuperstitiones.
3277 5517 3424 5586 Lips.
3456 5525 3514 5570 et
3543 5517 3695 5582 Pan,
3729 5534 3797 5571 es
3837 5520 3940 5570 lus-

2331 5591 2628 5654 ntanaruin,
2667 5590 2774 5635 etc.
2810 5581 2868 5654 lu
2919 5599 3022 5638 ius.
3056 5586 3258 5640 Turcis.
3302 5581 3355 5639 av
3381 5589 3619 5642 secunda
3661 5605 3851 5654 tuane,
3887 5599 3941 5642 et

2334 5645 2674 5701 humanarum
2703 5651 3040 5708 ttfaditionum
3070 5659 3470 5727 superstitionis.

2409 5761 2482 5833 (Γ)
2515 5762 2680 5833 Editi,
2714 5768 2902 5824 silentii
2942 5773 3235 5844 paenitentia
3263 5776 3662 5835 :emeudantur
3695 5791 3764 5834 ex
3801 5793 3937 5835 mss.
