4222 6262
364 234 506 295 1908

1263 232 1810 297 COMMENTARIUS
1848 237 1915 297 IN
1946 238 2361 301 MATTHEUM
2404 240 2559 298 CAP.
2602 238 2716 299 XV.

3509 254 3648 317 1006

358 350 503 422 quod
533 350 653 407 aliis
674 348 755 424 (α)
790 350 1153 419 deferebatur,
1184 365 1293 409 non
1317 352 1459 423 quod
1487 369 1593 411 non
1619 362 1674 409 et
1698 353 1952 423 gentibus
1975 360 2025 421 Α
2056 367 2353 425 eorumque
2388 357 2619 428 piscium
2653 358 2879 432 explent
2906 360 3146 419 virorum
3184 373 3413 436 quatuor
3441 370 3605 427 millia
3631 390 3644 406 ο

354 442 717 513 impertienda
739 442 887 499 salus
913 453 1058 501 esset
1087 461 1100 498 :
1132 443 1228 499 sed
1257 447 1370 500 suis
1401 445 1665 500 Dominus
1698 454 1860 516 atque
1893 447 1945 503 in

354 548 453 590 sua
492 543 748 602 venunt,
792 535 1051 605 primitias
1082 534 1157 607 (b)
1198 549 1329 606 ergo
1366 534 1492 591 ﬁdei
1517 535 1587 591 ab
1631 534 1716 591 bis
1751 536 1946 604 quibus

246 654 253 659 -
353 636 474 682 erat
517 636 667 683 ortus
694 624 771 699 (ο)
806 635 1148 697 exspectans,
1179 629 1391 685 caeteris
1420 628 1675 699 deinceps
1711 628 1940 699 Apostow

356 717 533 773 lorum
567 717 948 789 praedicatione
988 718 1283 775 salrandis.
1316 720 1492 788 Atque
1525 718 1647 775 ideo
1677 720 1787 774 ait:
1823 718 1944 777 Non

351 810 472 864 licet
481 814 715 881 accipere
729 826 913 881 panem
929 810 1177 879 ﬁliorum,
1198 821 1248 866 et
1259 810 1385 867 dare
1396 810 1605 867 canibus
1616 808 1664 881 (I
1674 809 1778 865 bid.
1791 849 1806 877 ,
1821 808 1938 879 26).

350 904 572 959 Delatus
600 903 766 959 Israel
814 902 1010 968 honor,
1055 903 1281 960 aﬂectns
1312 904 1363 961 in
1404 919 1528 981 eum
1560 902 1656 958 Dei
1699 903 1940 960 cumulat

292 1014 297 1019 ‘
350 998 605 1053 invidiam
632 1013 647 1051 :
670 998 822 1067 juxta
856 996 937 1070 (tt)
967 1014 1129 1069 quem
1167 998 1322 1069 plebs
1349 998 1590 1069 gentium
1619 997 1825 1067 accepit
1851 1011 1942 1052 caa-

351 1105 481 1148 num
505 1105 722 1147 nomen.
747 1089 1169 1153 SedChanantea
1187 1092 1295 1161 jam
1324 1092 1437 1161 ipsa
1460 1105 1557 1160 per
1584 1089 1745 1151 ﬁdem
1767 1090 1937 1156 salva,

344 1196 402 1241 et
431 1182 705 1240 interioris
725 1191 875 1239 certa
908 1183 1166 1255 mysterii,
1202 1182 1479 1254 respondit
1508 1183 1685 1247 micis,
1723 1198 1844 1252 quae
1871 1180 1941 1237 de

347 1294 532 1337 mensa
574 1277 897 1343 exciderint,
927 1277 1071 1349 pasci
1108 1276 1356 1342 catellas,
1400 1290 1594 1332 canum
1645 1274 1938 1345 opprobrio

342 1372 453 1443 jam
505 1369 609 1425 sub
644 1369 1017 1426 blandimento
1054 1367 1357 1423 diminutivi
1386 1352 1624 1425 nominis
1665 1368 1934 1437 mitigato.

416 1462 471 1519 5.
513 1461 645 1519 Tum
684 1461 870 1516 deinde
906 1462 975 1516 ad
1000 1461 1158 1531 ﬁdem
1195 1470 1446 1515 uocantur
1476 1470 1668 1531 gentes.
1691 1488 1765 1501 ——
1789 1460 1857 1517 Et
1883 1464 1939 1515 ut

345 1558 619 1615 silentium
655 1556 868 1611 Domini
913 1555 1335 1626 intelligeremus
1363 1569 1431 1610 es
1463 1555 1674 1610 ratione
1728 1563 1935 1621 tempo—

346 1651 444 1716 ris,
472 1664 580 1706 non
605 1664 672 1705 ex
704 1647 996 1703 voluntatis
1014 1647 1332 1703 difﬁcultate
1362 1645 1660 1716 proﬁcisci,
1689 1643 1888 1716 adjecit
1918 1660 1934 1699 :

2051 445 2123 501 ita
2150 457 2328 505 tamen
2364 489 2379 515 ,
2416 450 2560 520 quod
2583 451 2860 522 replendis
2880 462 3089 527 septem
3114 460 3311 529 sportis
3332 462 3648 533 prtelractus

2048 539 2221 609 panis,
2264 544 2522 598 saturatis
2544 544 2817 613 omnibus,
2844 546 3132 605 abundavit
3168 549 3356 622 (lbid.,
3383 555 3499 625 57).

2118 632 2172 686 7.
2207 631 2391 705 Supra
2418 634 2796 705 Israelitarum,
2828 655 2965 695 nunc
2985 643 3213 713 gentium
3242 646 3369 713 ﬁdes
3399 650 3646 716 exprimi-

2045 734 2152 783 tur.
2182 727 2343 785 —Et
2387 740 2678 787 occurrunt
2718 734 2935 804 quidem
2970 736 3139 791 multa
3181 755 3303 811 qua:
3348 758 3486 801 nova
3514 756 3642 805 sunt

2045 816 2259 885 (collata
2286 835 2403 875 cum
2443 838 2500 876 eo
2528 825 2667 888 quod
2704 822 2894 881 Matth.
2927 843 3039 896 xtv,
3066 846 3157 897 xv,
3199 842 3318 902 δια,
3343 850 3642 897 enarratum

2042 907 2164 979 est).
2195 911 2450 983 Discipuli
2475 917 2634 973 unius
2668 918 2775 974 diei
2796 919 3063 990 jejunium
3087 925 3435 996 miserantes;
3477 935 3640 1003 quin-

2041 1017 2149 1072 que
2185 1005 2352 1063 millia
2397 1007 2635 1067 virorum
2674 1010 2744 1069 ad
2784 1014 3112 1073 coementlos
3151 1018 3300 1076 cibos
3342 1024 3540 1081 remitti
3587 1027 3642 1085 in

2041 1095 2265 1153 castella
2292 1098 2584 1157 voluerunt
2605 1119 2624 1178 ς
2649 1118 2793 1159 nunc
2822 1113 2935 1161 toto
2963 1106 3141 1165 triduo
3164 1119 3360 1169 tacent.
3388 1113 3453 1171 Et
3482 1115 3640 1175 dein-

2040 1198 2171 1254 ceps
2197 1186 2343 1243 tutuo
2369 1192 2614 1259 superior
2646 1192 2798 1251 turba
2829 1196 3194 1256 substernitur
3220 1219 3235 1258 :
3266 1201 3384 1261 lucc
3428 1219 3640 1265 accum-

2041 1275 2120 1337 bit
2141 1278 2194 1334 in
2225 1288 2390 1337 terra.
2425 1281 2549 1341 Illic
2576 1287 2818 1357 quinque
2838 1303 3027 1359 panes,
3061 1291 3148 1349 hic
3172 1306 3379 1366 septem
3408 1300 3643 1358 oﬁerun—

2040 1375 2169 1427 tur:
2201 1370 2313 1427 illic
2338 1372 2446 1428 duo
2473 1375 2675 1446 pisces,
2717 1377 2805 1433 hic
2846 1380 3180 1448 indelinitus,
3227 1388 3329 1441 sub
3356 1392 3640 1460 paucitatis

2041 1468 2221 1517 tamen
2250 1463 2666 1534 signiﬁcatione,
2687 1485 2949 1528 numerus
2968 1484 3076 1531 est.
3108 1475 3226 1533 Illic
3255 1480 3492 1552 quinque
3517 1486 3638 1545 mil-

2040 1552 2108 1654 lia
2151 1554 2411 1624 virorum,
2455 1558 2544 1615 hic
2591 1569 2868 1631 quatuor:
2901 1565 3011 1622 illic
3066 1568 3357 1628 duodecim
3394 1577 3631 1646 cophiui,

2039 1638 2129 1699 hic
2153 1656 2363 1715 septem
2393 1659 2598 1717 apertae
2621 1653 2863 1721 repleta}.
2898 1655 2967 1711 Et
3005 1660 3377 1727 superioribus
3415 1638 3633 1735 quidem

351 1742 399 1797 υ
430 1743 633 1809 mulier,
688 1756 877 1815 magus
923 1750 997 1795 est
1026 1740 1153 1809 ﬁdes
1180 1750 1271 1795 tua
1300 1740 1463 1812 (Isid.
1482 1781 1499 1805 ,
1540 1740 1635 1810 28)
1665 1757 1677 1794 :
1712 1738 1935 1811 (supple,
1968 1743 2018 1804 Β
2045 1745 2176 1827 puto
2201 1750 2330 1795 esse
2369 1752 2712 1809 responsum,
2742 1752 2800 1803 et
2828 1745 3008 1801 omnia
3034 1749 3188 1817 juxta
3220 1766 3512 1822 personam
3541 1772 3640 1827 po-

345 1836 427 1906 ut)
447 1835 636 1890 salutis
657 1848 771 1890 sua
790 1834 994 1888 scilicet
1024 1833 1137 1902 ipsa
1160 1831 1271 1901 jam
1301 1842 1472 1897 certa,
1508 1831 1637 1901 quin
1669 1833 1832 1887 etiam
1865 1828 1935 1884 de

345 1928 584 1998 gentium
614 1925 1034 1996 congregatione
1068 1923 1297 1978 conﬁdat
1326 1936 1463 1992 :quo
1499 1922 1551 1976 in
1589 1930 1833 1990 tempore
1862 1919 1937 1978 ita

349 2023 654 2088 credentes,
681 2036 800 2075 mox
826 2030 879 2073 ut
907 2018 1103 2089 puella,
1131 2018 1201 2072 ab
1222 2016 1367 2073 οπηηί
1393 2015 1669 2071 dominatu
1700 2014 1937 2071 immun-

346 2116 542 2172 dorum
595 2114 878 2184 spirituum
912 2110 1303 2166 liberabuntur.
1339 2108 1408 2163 Et
1435 2108 1693 2164 continuo
1722 2105 1846 2163 {steti
1873 2103 1937 2158 ﬁ-

344 2207 444 2264 des
472 2207 729 2276 sequitur.
764 2202 894 2259 Nam
928 2211 1051 2273 post
1090 2201 1485 2272 praeﬁguratam
1522 2199 1578 2254 in
1616 2198 1937 2257 Chananaea‘.

346 2299 452 2355 ﬁlia
484 2299 721 2371 gentium
744 2297 978 2368 plebem,
1016 2295 1274 2350 eootinuo
1304 2294 1356 2347 in
1396 2303 1579 2347 monte
1606 2290 1819 2346 obsessi
1847 2306 1937 2346 va-

346 2394 431 2450 rio
468 2407 679 2464 genere
714 2391 1027 2447 morborum
1072 2404 1102 2442 a
1148 2388 1319 2444 turbis
1362 2386 1591 2441 Domino
1633 2384 1934 2441 oﬁ‘ernntur

344 2483 541 2558 (Hist,
590 2483 662 2539 89
693 2492 741 2536 et
790 2480 908 2551 50),
944 2480 997 2534 id
1046 2488 1151 2545 est,
1207 2493 1239 2532 a
1291 2476 1636 2533 credentibus
1693 2475 1936 2532 inﬁdeles

345 2576 638 2648 segretiqne
692 2582 751 2629 ut
810 2573 1040 2627 adorent
1094 2582 1149 2627 et
1202 2569 1482 2640 procidant
1530 2571 1866 2625 instruuntur
1918 2586 1932 2622 :

342 2668 643 2738 quibusque
705 2664 852 2720 salus
895 2664 1161 2730 redditur,
1211 2671 1371 2733 atque
1425 2661 1495 2717 ad
1557 2658 1931 2727 sentiendum,

344 2763 740 2827 contuendum,
792 2760 1149 2826 laudandum,
1196 2757 1670 2829 comitandumque
1725 2757 1931 2823 Deum,

343 2853 523 2909 omnia
553 2864 607 2909 et
632 2853 830 2908 mentis
853 2860 910 2908 et
932 2851 1177 2921 corporis
1205 2850 1503 2905 ministeria
1542 2847 1932 2907 reformantur.

413 2948 468 3004 6.
492 2948 644 3003 Iesus
688 2952 857 3002 autem
896 2945 1184 3000 conuocatis
1232 2943 1502 3013 discipulis
1541 2943 1660 2996 ait:
1683 2940 1932 2997 Misereor

342 3040 505 3097 turbat
532 3041 686 3107 huic;
734 3040 855 3111 quia
877 3038 1100 3092 triduum
1122 3046 1195 3091 est
1208 3037 1325 3107 jam
1343 3035 1488 3106 quod
1516 3044 1800 3108 perseuerat
1830 3050 1935 3088 me-

2040 1826 2155 1896 puli
2176 1841 2543 1899 congruenter
2564 1848 2687 1890 esse
2713 1835 2975 1907 subjecta.
3001 1840 3155 1901 Nunc
3175 1861 3392 1917 quoque
3414 1864 3635 1922 compe—

2040 1926 2242 1977 tentem
2274 1922 2355 1979 rei
2381 1932 2547 1993 atque
2575 1941 2755 1984 causa:
2792 1932 3063 1989 rationem
3090 1935 3290 1995 aﬁerre
3322 1951 3589 2003 tentemus
3619 1965 3633 2001 :

2040 2018 2099 2065 ut
2148 2013 2603 2081 quemadmodum
2666 2018 2758 2073 illa
2799 2019 3040 2079 Judaicte
3098 2028 3436 2089 credentium
3499 2052 3636 2094 con~

2037 2113 2237 2173 gruunt
2263 2105 2427 2174 plebi,
2460 2107 2532 2163 ita
2562 2108 2678 2165 haec
2720 2113 2918 2180 populo
2944 2117 3186 2184 gentium
3228 2136 3631 2193 comparentur.

2109 2195 2163 2251 8.
2194 2194 2641 2265 Baptizandorum
2668 2201 2793 2272 ﬁdei
2832 2207 3107 2277 professio.
3140 2209 3409 2284 Jejuttitmt
3431 2220 3636 2287 passio-

2038 2287 2120 2342 uis
2160 2288 2436 2347 dominica:
2480 2302 2727 2363 tempore.
2754 2296 2995 2355 —-Ordo
3022 2303 3183 2372 igitur
3226 2306 3368 2365 idem
3418 2310 3473 2367 in
3518 2327 3637 2370 ser-

2037 2393 2202 2470 mone
2231 2381 2444 2439 Domini
2471 2392 2577 2449 est,
2604 2386 2696 2453 qui
2721 2387 2776 2442 in
2819 2395 3202 2463 consequentia
3230 2401 3406 2470 gratia
3431 2413 3634 2463 manet.

2041 2468 2266 2527 Venturi
2292 2474 2438 2528 enim
2468 2476 2534 2529 ad
2580 2477 2927 2547 baptismum,
2959 2484 3107 2553 prius
3154 2468 3483 2548 conﬁtentur
3511 2511 3636 2553 cre-

2038 2560 2169 2619 dere
2216 2579 2276 2634 sp
2314 2565 2368 2620 in
2400 2566 2491 2622 Dei
2525 2568 2638 2622 lilio
2666 2571 2798 2625 etin
2831 2574 3082 2640 passione
3121 2592 3185 2633 ac
3229 2586 3636 2643 resurrectione

2038 2653 2156 2722 ejus
2183 2664 2269 2710 :et
2297 2655 2423 2711 huic
2452 2658 2810 2727 professionis
2837 2677 3178 2722 sacramento
3206 2669 3340 2725 ﬁdes
3366 2673 3631 2731 redditur.

2039 2746 2216 2839 ﬁtque
2242 2757 2299 2803 ut
2326 2751 2465 2807 hanc
2485 2751 2772 2808 verborum
2803 2757 3149 2839 sponsionem
3177 2762 3421 2832 quaedam
3450 2781 3631 2824 rerum

2038 2837 2277 2909 ipsarum
2303 2843 2506 2898 veritas
2534 2854 2921 2915 consequatur,
2963 2837 3075 2904 toto
3098 2851 3153 2906 in
3176 2852 3395 2925 jejuuils
3422 2860 3632 2927 passio-

2039 2932 2123 2987 nis
2150 2932 2435 2991 dominicae
2466 2943 2708 3006 tempore
2741 2938 3112 3013 demorantes,
3145 2947 3375 3016 quadam
3402 2950 3630 3010 Domino

2037 3028 2429 3095 compassionis
2461 3030 2720 3086 societate
2743 3032 3064 3104 junguntur.
3098 3037 3267 3109 igitur
3303 3043 3420 3102 sive
3461 3060 3627 3116 spona

339 3150 478 3200 cum,
497 3144 552 3189 et
570 3133 772 3203 reliqua
789 3129 978 3205 (lbid.,
1007 3129 1118 3200 δὲ).
1144 3129 1315 3183 Tenet
1338 3127 1582 3183 ordinem
1602 3140 1793 3181 cursus
1805 3139 1933 3195 ope-
1958 3119 2004 3184 C
2038 3116 2212 3174 sionis
2231 3129 2595 3188 sacramento,
2628 3122 2745 3178 sive
2763 3124 2991 3195 jejunio,
3019 3143 3183 3191 aran
3206 3132 3334 3191 illud
3357 3139 3629 3206 passionis

339 3225 516 3293 randi,
554 3225 652 3280 sed
689 3233 745 3278 et
780 3222 1042 3292 operibus
1086 3220 1279 3274 iisdem
1321 3234 1634 3274 sermonum
1663 3233 1759 3288 par
1798 3218 1937 3273 ratio

346 3317 606 3373 succedit.
634 3312 693 3370 In
720 3315 831 3369 ﬁlia
867 3314 1010 3369 enim
1052 3309 1671 3375 Chananma:,Ecclesi:n
1705 3308 1932 3365 formam

342 3413 688 3468 conetitutam
721 3406 1063 3462 meminimus
1092 3420 1107 3457 :
1141 3418 1196 3460 et
1219 3404 1601 3474 consequentis
1631 3402 1811 3472 populi
1834 3416 1931 3458 oua

338 3504 623 3565 rationem,
652 3513 974 3556 concursum
1004 3506 1325 3569 :egrotarnm
1346 3496 1588 3566 gentium
1614 3509 1736 3550 esse
1767 3495 1932 3550 tradi-

339 3594 538 3649 dimus.
565 3592 716 3647 Nunc
744 3605 874 3662 ergo
898 3590 1185 3661 diligenter
1208 3598 1265 3644 et
1291 3588 1437 3644 dicta
1459 3586 1671 3642 Domini
1712 3596 1768 3642 et
1792 3587 1928 3643 facta

341 3687 621 3744 tractanda
650 3698 812 3741 sunt:
846 3694 902 3740 ut
930 3684 1207 3738 videamus
1227 3682 1301 3755 (e)
1338 3698 1407 3736 an
1434 3682 1683 3751 superior
1723 3687 1927 3749 resat-

335 3797 442 3854 que
463 3794 641 3836 sermo
667 3780 759 3842 ita,
791 3787 849 3834 ut
875 3793 903 3832 a
936 3777 1093 3833 nobis
1124 3775 1349 3846 intelligi
1381 3774 1613 3830 traditus
1636 3782 1740 3837 est,
1762 3773 1923 3829 etiam

334 3890 399 3931 cx
454 3860 923 3945 consequentibus
971 3870 1214 3942 ejusdem
1264 3869 1637 3941 intelligentia:
1692 3868 1926 3936 accipiat

330 3967 731 4024 auctoritatem.
758 3964 1042 4020 Miserctur
1072 3963 1244 4019 turbae
1266 3960 1543 4024 Dominus,
1579 3958 1721 4030 quod
1746 3958 1925 4013 triduo

330 4074 517 4117 secum
544 4067 757 4114 maneat
784 4074 798 4111 :
822 4073 982 4128 quam
1005 4056 1278 4111 dimittere
1293 4052 1535 4125 jejuna'm
1566 4065 1673 4107 non
1693 4050 1831 4117 vult,
1856 4065 1924 4105 ne

332 4152 389 4209 in
415 4152 501 4207 via
529 4165 640 4222 pra
662 4150 840 4206 inedia
868 4149 1102 4204 deﬁciat.
1135 4147 1442 4202 Causantur
1473 4142 1726 4214 discipuli
1756 4156 1922 4212 panes

333 4259 441 4301 non
482 4258 602 4300 esse
637 4252 837 4308 tantos,
870 4241 1065 4311 quibus
1106 4239 1320 4308 expleta
1369 4235 1707 4305 saturarique
1753 4231 1924 4304 possit

331 4335 519 4409 (Mitt,
550 4335 666 4405 53).
700 4334 1054 4389 Percontatus
1085 4341 1169 4386 est
1192 4327 1358 4403 7‘6
1379 4328 1636 4383 Dominus
1660 4338 1792 4397 quot
1818 4339 1917 4396 pa-

324 4442 425 4484 nes
457 4427 739 4483 haberent.
770 4423 1187 4494 Responderunt
1216 4423 1314 4487 illi,
1343 4431 1551 4490 septem
1579 4433 1741 4490 panes
1768 4432 1912 4482 esse,

2039 3208 2327 3269 dominicae
2358 3226 2482 3267 cum
2513 3212 2746 3271 Domino
2774 3227 2938 3286 agunt
2971 3228 3201 3290 tempus.

2112 3300 2166 3359 ἓ.
2221 3303 2588 3373 Apostolorum
2622 3306 2686 3362 de
2717 3308 2881 3363 salute
2914 3308 3085 3367 Israel
3126 3313 3444 3374 sollicitudo.
3467 3348 3538 3363 -—-
3563 3320 3632 3378 Et

2036 3392 2197 3466 hujus
2243 3398 2360 3466 spei
2403 3408 2568 3469 atque
2618 3401 2910 3459 comitatus
2957 3406 3217 3465 Dentibus
3246 3411 3525 3480 misertus,
3554 3416 3632 3472 ait

2037 3487 2220 3545 triduo
2240 3504 2426 3546 secum
2452 3505 2598 3548 esse.
2627 3492 2774 3559 Quos
2804 3508 2874 3549 ac
2896 3495 2951 3550 in
2983 3498 3107 3554 vita:
3135 3502 3411 3561 saecularis
3440 3522 3626 3574 cursu,

2033 3580 2088 3638 id
2113 3592 2220 3650 est,
2252 3584 2309 3641 in
2352 3586 2455 3642 viae
2485 3601 2653 3655 opere
2682 3587 2920 3647 deiectio
2942 3592 3296 3654 labefactant
3318 3639 3334 3663 .
3365 3603 3477 3659 vult
3500 3603 3625 3659 cibo

2031 3693 2135 3733 suo
2158 3679 2326 3747 alere,
2357 3690 2519 3750 atque
2545 3680 2609 3735 ad
2640 3684 3002 3752 peragendam
3035 3688 3200 3745 totius
3230 3692 3442 3749 itineris
3467 3694 3626 3752 forti-

2033 3768 2276 3825 tudinem
2307 3771 2463 3840 panis
2492 3770 2578 3827 sui
2628 3771 2825 3828 virtute
2867 3772 3088 3833 ﬁrmare
3117 3794 3131 3833 :
3160 3783 3621 3851 conquerentibus

2028 3859 2334 3931 discipulis,
2355 3878 2521 3932 panes
2543 3863 2595 3917 in
2620 3862 2840 3921 deserto
2861 3866 3042 3922 nullos
3068 3884 3210 3925 esse.
3241 3873 3441 3942 Atquin
3462 3876 3514 3932 in
3536 3893 3626 3935 su-

2028 3953 2334 4022 perioribus
2360 3953 2665 4025 exemplum
2705 3967 3072 4027 sumpserant,
3106 3961 3242 4019 nihil
3283 3964 3617 4036 impossibile

2028 4047 2141 4102 Deo
2183 4062 2325 4103 esse.
2357 4048 2467 4106 Sed
2507 4057 2784 4118 gestorum
2813 4065 2993 4107 causa:
3036 4055 3303 4114 rationem
3344 4059 3619 4120 interioris

2008 4139 2396 4227 intelligentiae
2427 4140 2738 4199 moliuntur.
2784 4143 3031 4211 Quantus
3055 4149 3198 4205 enim
3241 4132 3612 4222 apostolorum

2026 4233 2082 4289 in
2109 4234 2372 4291 salvando
2393 4234 2557 4291 Israel
2581 4235 2732 4291 favor
2760 4236 2944 4303 fuerit,
2979 4239 3281 4299 beatissimi
3316 4243 3467 4302 Pauli
3500 4251 3614 4319 epi-

2024 4328 2178 4384 stola
2199 4327 2398 4385 docent
2427 4329 2606 4401 (Rom.
2636 4345 2721 4397 ts,
2745 4331 2807 4400 ὅ)
2837 4348 2850 4383 :
2883 4340 3045 4402 atque
3065 4334 3191 4391 ideo
3207 4337 3398 4394 eodem
3424 4340 3612 4398 demo-

2025 4431 2202 4489 rante,
2233 4437 2375 4477 nunc
2408 4423 2460 4476 in
2491 4436 2760 4479 concursu
2783 4424 3027 4495 gentium
3054 4433 3111 4481 et
3151 4425 3223 4483 de
3249 4444 3390 4499 pane
3414 4448 3607 4492 causa-

324 4528 381 4577 et
405 4534 605 4591 paucos
627 4520 818 4589 pisces.
865 4517 1063 4573 Turbis
1082 4516 1301 4586 jubctur
1328 4515 1384 4567 in
1416 4521 1618 4569 terram
1673 4511 1913 4565 discum-
1939 4506 1995 4569 υ
2020 4513 2117 4580 tio,
2138 4515 2286 4570 etde
2304 4515 2512 4585 jejunio
2535 4517 2811 4573 silentium
2844 4519 3219 4577 introducitur.

321 4611 493 4670 bere:
524 4620 579 4669 et
624 4611 882 4667 Dominus
910 4623 1079 4681 panes
1107 4622 1169 4663 ac
1209 4608 1383 4679 pisces
1411 4606 1686 4676 accipiens
1710 4602 1913 4672 gratias

322 4707 454 4778 egit,
484 4720 548 4760 ac
574 4703 750 4776 fregit,
777 4715 829 4758 et
850 4701 1129 4771 discipulis
1153 4698 1428 4770 praefracta
1454 4707 1512 4753 ut
1532 4697 1790 4753 oﬂ'errent
1816 4696 1914 4752 de-

317 4797 400 4856 dit
426 4796 615 4870 (Ibitt.,
641 4796 709 4853 54
728 4796 856 4867 56).
884 4796 990 4852 Sed
1010 4794 1307 4866 fragmenta
1327 4806 1522 4864 panum
1548 4799 1754 4863 septem
1786 4806 1918 4862 pau-

394 4979 469 5057 (a)
492 4980 620 5057 Par.
643 4995 785 5057 cum
826 4979 1001 5057 tribus
1041 4971 1558 5057 mss...dilnerebatur.
1584 4970 1778 5029 Verius
1799 4970 1907 5057 alii

315 5041 805 5120 Wl'defmbatur,
832 5060 957 5120 puta
981 5046 1257 5105 Israelitis.
1280 5044 1545 5113 Quocirca
1579 5061 1705 5102 mox
1731 5041 1903 5113 subji-

317 5124 480 5188 citur,
515 5123 729 5178 Delatus
760 5122 926 5176 Israel
954 5121 1137 5173 honor.

312 5184 755 5327 “ilignum
775 5209 899 5265 ergo
915 5192 1070 5249 abest
1102 5206 1133 5247 a
1158 5188 1318 5257 Bad.,
1346 5187 1465 5253 Er.,
1486 5185 1636 5263 Lips.
1668 5198 1721 5243 et
1742 5184 1908 5258 pluri-

389 5358 463 5430 (ο)
491 5356 925 5430 Vindocin._ms-.
1648 5347 1741 5403 alii
1784 5361 1906 5400 cum

313 5420 453 5485 Ball:
480 5428 763 5497 explicans.
794 5427 887 5480 Er.
919 5433 976 5480 et
996 5420 1133 5491 Lips.
1173 5424 1411 5497 explicat.
1436 5420 1668 5476 Verbum
1700 5433 1907 5485 exspec-

317 5509 432 5555 tans
457 5495 600 5569 quod
632 5499 829 5553 habent
852 5497 971 5551 Pas.
1004 5503 1060 5569 et
1089 5495 1323 5569 melioris
1347 5504 1489 5546 notas
1508 5507 1640 5546 mss.
1668 5504 1906 5569 cumsu—

311 5559 615 5642 perieribus
636 5570 808 5640 inagis
826 5568 1095 5639 congruit.
1125 5566 1360 5624 maxime
1389 5573 1573 5619 autem
1599 5575 1721 5617 cum
1743 5559 1898 5614 silen-

312 5651 373 5697 ω
388 5652 791 5786 Μαῗᾷιοηι
808 5710 893 5768 vel
908 5709 981 5767 ad
998 5706 1249 5766 αἴθυιαι
1266 5704 1353 5763 vel
1372 5703 1440 5762 ad
1456 5702 1625 5762 Israel
1649 5701 1896 5763 refertur.

2096 4607 2184 4661 10.
2218 4606 2389 4661 Panes
2414 4617 2606 4676 septem
2632 4608 2863 4678 Spiritus
2892 4612 3060 4665 sancti
3083 4623 3277 4681 septem
3303 4615 3459 4672 dona.
3490 4618 3611 4677 Pis-

2019 4714 2101 4752 ces
2130 4697 2404 4767 inde/initi,
2437 4698 2638 4754 diversa
2683 4698 3016 4754 charismata.
3062 4700 3252 4758 Gentes
3292 4720 3356 4761 ea:
3380 4719 3610 4779 quatuor

2019 4792 2156 4848 orbis
2193 4792 2422 4864 portibus
2463 4793 2722 4848 wcandte.
2749 4820 2822 4834 —
2849 4792 3025 4850 Panes
3047 4793 3208 4865 igitur
3235 4808 3441 4868 septem
3464 4802 3600 4861 cae-

2014 4968 2153 5025 Hinc
2194 4983 2304 5025 non
2344 4968 2669 5039 placetcum
2709 4980 2817 5022 uno
2847 4979 2949 5022 ms.
2971 4966 3131 5036 justo
3170 4969 3333 5039 quod,
3364 4982 3457 5029 aut
3482 4990 3606 5036 cum

2013 5040 2224 5097 duobus
2251 5040 2373 5097 aliis
2393 5042 2549 5112 juxta
2575 5053 2751 5111 quant.

2090 5136 2159 5215 (ς)
2192 5133 2349 5215 Editi,
2378 5151 2445 5189 an
2473 5130 2752 5215 superioris
2775 5140 3021 5215 tractatus
3051 5140 3201 5211 atque
3229 5131 3604 5215 hujussermo:

2013 5200 2380 5261 obni'tentibus
2405 5200 2655 5259 omnibus
2674 5216 2805 5257 mss.
2834 5200 3035 5257 Eadem
3059 5208 3264 5258 ratione
3290 5200 3445 5262 initio
3473 5227 3529 5264 η.
3563 5212 3599 5265 2

2014 5278 2276 5331 habemus
2297 5292 2309 5327 :
2336 5274 2441 5329 Sed
2457 5290 2536 5327 res
2564 5284 2714 5346 atque
2733 5288 2897 5346 sermo
2917 5272 3148 5346 ordinem
3171 5291 3232 5328 ea:
3249 5281 3595 5346 superioribus

2014 5347 2192 5402 sumit.
2226 5347 2321 5403 His
2347 5355 2527 5400 autem
2556 5342 2738 5399 verbis
2767 5342 2887 5397 licet
2906 5344 3147 5397 videatur
3169 5342 3391 5403 indicari
3420 5351 3595 5409 simile

2015 5418 2332 5473 miraculum
2379 5416 2642 5484 ettpcriori
2679 5413 2855 5484 capite
2890 5423 3215 5481 miarrettuiu,
3252 5418 3589 5484 potissimum

2010 5482 2599 5563 t_amen_signiﬁcantur
2651 5482 2928 5563 superiora
2985 5484 3192 5538 Domini
3238 5482 3382 5545 dictu
3425 5500 3587 5563 atque

2004 5559 2169 5623 facta,
2198 5555 2300 5614 huc
2320 5556 2440 5627 ipso
2471 5556 2652 5626 capite
2692 5555 2957 5629 exposita,
2992 5570 3221 5629 quorum
3247 5572 3369 5617 cuiu
3399 5555 3590 5621 ειιιιζςε.

2003 5629 2292 5702 quentibus
2318 5624 2584 5685 connexio
2610 5624 2958 5696 expendatur.
