4222 6262
628 288 766 344 1007

1826 280 2070 339 SANCTI
2108 278 2368 336 HlLARll
2407 277 2714 337 EPISCOPI

3777 279 3926 338 i008

632 414 842 460 rttntur.
873 403 1028 458 Nulla
1057 404 1200 457 enim
1232 417 1296 457 ex
1326 403 1449 473 lege
1479 412 1535 458 et
1558 402 1838 472 prophetis
1867 402 2112 472 gentibus
2143 415 2222 454 sa-
2247 399 2300 459 A
2324 414 2400 454 rae
2423 398 2694 474 passionis
2732 396 2986 454 eﬁ’ectum
3017 396 3072 452 in
3103 396 3546 467 praedicationem
3584 398 3926 467 poenitentiae

633 497 718 553 lus
748 498 997 562 sumitur,
1045 495 1140 552 sed
1169 511 1266 567 per
1293 497 1521 566 gratiam
1551 495 1785 566 Spiritus
1824 495 2034 559 vivunt,
2068 493 2221 564 cujus

637 587 982 658 septiforme,
1039 595 1097 641 ut
1125 602 1222 657 per
1278 567 1495 642 Esaiam
1547 585 1814 652 traditur,
1872 600 2067 640 munus
2113 593 2219 648 est,

633 680 777 750 Ergo
811 677 912 750 (a)
973 679 1208 748 Spiritus
1260 693 1358 749 per
1415 677 1576 734 ﬁdem
1636 679 1783 734 salus
1833 678 2082 749 gentibus
2139 682 2223 731 est

633 771 806 843 (Esai.
837 769 1011 841 st,2).
1042 771 1174 838 Quae
1203 771 1259 824 in
1284 780 1486 826 terram
1504 770 1826 826 recumbunt
1851 786 1866 836 ;
1893 769 2056 824 nullis
2076 768 2221 823 enim

629 863 766 934 legis
794 862 1048 933 operibus
1079 861 1290 917 fuerant
1326 871 1450 918 ante
1475 863 1765 918 substrata:
1795 879 1808 916 :
1841 862 1935 917 sed
1967 868 2221 930 peccato-

637 971 760 1011 rum
792 965 846 1010 et
872 969 1162 1025 corporum
1190 970 1410 1010 suorum
1438 955 1630 1025 origini
1657 955 2002 1019 inhaerentes,
2039 953 2105 1008 ad
2123 951 2222 1007 do-

633 1061 764 1102 num
791 1045 1021 1115 Spiritus
1043 1045 1373 1115 septiformis
1405 1055 1683 1102 vocantur.
1723 1044 1885 1117 747
1909 1044 2222 1100 Indefinitus

629 1138 858 1210 piscium
884 1151 1162 1203 numerus,
1185 1137 1523 1194 diversorum
1548 1138 1813 1193 donorum
1837 1146 1892 1192 et
1920 1134 2219 1191 charisma-

631 1239 746 1285 tum
802 1229 879 1299 (b)
936 1227 1254 1298 partitiones
1303 1227 1834 1296 ministrationesque
1890 1223 2158 1296 signiﬁcat
2202 1241 2216 1279 :

631 1322 826 1392 quibus
857 1320 991 1376 ﬁdes
1016 1323 1254 1392 gentium
1299 1322 1592 1392 gratiarum
1619 1319 1934 1376 diversitate
1965 1319 2216 1374 satiatur.

634 1415 742 1472 Sed
790 1414 936 1485 quod
979 1424 1184 1485 septem
1222 1423 1422 1485 sportae
1468 1414 1782 1484 replentur;
1813 1411 2121 1468 redundans
2166 1417 2220 1466 et

634 1507 988 1578 multiplicata
1011 1509 1340 1579 septiformis
1368 1507 1603 1576 Spiritus
1633 1507 1785 1576 capia
1816 1506 2104 1570 indicatur,
2133 1503 2219 1558 cui

628 1599 772 1670 quod
797 1600 1054 1670 largiatur
1074 1599 1336 1655 exuberet
1364 1618 1378 1654 :
1406 1599 1569 1670 ﬁtque
1590 1599 1849 1655 saturatis
1877 1599 2032 1653 nobis
2054 1597 2220 1652 ditior

629 1705 849 1760 semper
885 1698 940 1745 et
979 1691 1212 1760 plenior.
1245 1688 1396 1757 Quod
1440 1705 1568 1744 vero
1604 1696 1834 1759 quatuor
1881 1687 2049 1742 millia
2074 1687 2219 1741 viro-

2325 492 2392 547 ad
2427 491 2690 547 Ninivitas
2719 490 2838 562 pari
2880 492 3064 561 specie
3095 490 3454 561 praemiserat.
3485 489 3722 559 Namque
3746 491 3924 546 Jonas

2327 585 2500 639 ventis
2526 583 2943 640 desaevientibus
2970 582 3244 653 projectus
3261 597 3294 637 e
3327 581 3448 636 navi
3471 589 3574 648 est,
3609 589 3664 637 et
3689 582 3927 637 devora-

2326 682 2412 728 tus
2451 689 2481 728 a
2507 684 2650 740 ceto,
2679 682 2735 729 et
2762 679 2888 744 post
2919 673 3156 728 triduum
3197 673 3354 728 vivus
3395 671 3648 738 emissus,
3679 687 3788 726 non
3834 688 3930 728 reo

2327 773 2508 820 tentus
2529 780 2557 818 a
2586 773 2854 829 monstro,
2884 780 2994 819 non
3024 764 3128 820 cibi
3151 763 3467 820 conditione
3491 765 3774 822 confectus
3796 765 3930 821 :sed

2325 867 2514 914 contra
2555 858 2779 914 humani
2807 859 3052 928 corporis
3095 867 3341 913 naturam
3387 858 3595 928 integer
3620 869 3677 914 et
3719 858 3929 914 illaesus

2325 951 2378 1006 in
2418 966 2580 1007 auras
2627 965 2852 1022 superas
2877 950 3073 1006 virtute
3103 949 3392 1005 dominicae
3420 948 3499 1020 (ά)
3533 950 3934 1021 praeﬁguratio—

2325 1044 2629 1100 nisevadit.
2659 1044 2774 1100 Hoc
2801 1059 2931 1115 ergo
2952 1043 3236 1115 potestatis
3269 1058 3383 1098 suae
3407 1044 3620 1114 signum
3645 1044 3925 1099 constitu-

2324 1145 2434 1192 tum
2475 1134 2642 1208 ’148
2697 1150 2820 1192 esse
2863 1137 3229 1202 demonstrat,
3265 1136 3341 1208 (e)
3382 1135 3499 1206 ipse
3541 1136 3929 1192 remissionem

2324 1237 2667 1298 peccatorum
2697 1241 2796 1297 per
2837 1228 3209 1298 pmnitentiam
3239 1225 3560 1297 praedicans,
3601 1225 3672 1281 de
3701 1226 3925 1282 Jerusa-

2326 1320 2431 1374 lem
2455 1320 2538 1374 vel
2560 1321 2844 1395 Synagoga
2867 1320 3269 1376 immnndorum
3298 1319 3582 1389 spirituum
3606 1319 3929 1376 dominante

2323 1412 2452 1466 ﬁatu
2478 1411 2798 1482 ejiciendus,
2831 1421 2886 1468 et
2913 1413 3067 1467 Pilati
3098 1411 3374 1483 potestati,
3405 1412 3460 1468 id
3487 1421 3594 1477 est,
3623 1413 3812 1469 saeculi
3834 1412 3932 1483 ju-

2322 1506 2463 1561 dicio
2481 1505 2796 1562 tradendus:
2816 1516 2870 1561 et
2885 1521 2915 1561 a
2935 1516 3109 1562 morte
3121 1515 3391 1577 tamquam
3409 1505 3661 1562 elementi
3675 1506 3928 1577 ejusdem

2321 1607 2564 1653 monstro
2593 1597 2902 1669 glutiendus
2954 1615 2966 1650 :
3023 1607 3078 1653 et
3105 1606 3226 1669 post
3251 1598 3488 1652 triduum
3513 1613 3580 1654 ex
3611 1613 3698 1666 ea,
3725 1609 3927 1653 contra

2321 1689 2683 1744 conditionem
2717 1688 2950 1746 hominis
2979 1704 3142 1760 quem
3185 1699 3556 1759 assumpserat
3603 1707 3710 1746 non
3739 1700 3928 1746 reten-

625 1799 744 1837 rum
792 1791 1210 1852 congregantur,
1255 1780 1562 1846 multitudo,
1622 1779 2096 1835 innumerabilium
2145 1793 2213 1834 ex
2242 1775 2290 1836 B
2320 1789 2426 1845 tus,
2457 1782 2608 1837 vivus
2647 1791 2809 1852 atque
2862 1783 3204 1854 incorruptus
3251 1797 3555 1854 emergens.
3602 1783 3676 1838 Ea
3733 1784 3925 1854 igitur,

627 1883 858 1945 quatuor
883 1873 1028 1928 orbis
1067 1873 1308 1943 partibus
1336 1872 1670 1942 intelligitur.
1701 1871 1781 1925 Ad
1810 1871 2034 1925 formam
2069 1869 2216 1925 enim

631 1969 794 2023 futuri
835 1967 890 2022 iu
939 1976 1016 2022 tot
1040 1967 1270 2036 partium
1305 1965 1471 2019 millia
1512 1964 1664 2034 plebs
1693 1964 2032 2019 dinumerata
2057 1963 2219 2016 satia-

628 2069 737 2126 tur,
762 2058 1040 2130 quotidem
1085 2057 1156 2112 de
1184 2058 1424 2127 partibus
1474 2056 1540 2110 ad
1575 2056 1820 2112 cmlestis
1862 2055 1967 2110 cibi
2011 2055 2216 2110 donum

624 2164 956 2206 concursura
979 2158 1161 2204 essent
1191 2147 1356 2202 millia
1383 2147 1806 2202 crediturorum.
1847 2147 2025 2202 Turba
2058 2147 2219 2218 igitur

626 2243 910 2298 dimittitur
939 2242 1128 2297 satiata
1155 2249 1210 2296 et
1232 2241 1464 2310 espleta.
1513 2241 1580 2294 Et
1601 2241 1723 2311 quia
1747 2240 2000 2296 omnibus
2025 2241 2218 2297 diebus

623 2332 750 2388 vitae
792 2342 991 2387 nostrae
1034 2332 1312 2387 nobiscum
1351 2331 1610 2387 Dominus
1654 2341 1858 2399 manet,
1907 2347 2122 2400 navem,
2164 2331 2217 2387 id

622 2435 707 2483 est
748 2426 1070 2494 Ecclesiam,
1120 2426 1458 2482 credentium
1503 2425 1660 2496 plebe
1707 2425 1996 2483 comitatus
2033 2427 2217 2496 ingre-

622 2518 786 2574 ditur.

1209 2630 1439 2689 CAPUT
1480 2629 1620 2687 Χνι.

621 2745 703 2804 De
737 2747 887 2804 Iano:
929 2748 1191 2821 prapheta:
1232 2749 1400 2819 signa,
1445 2757 1492 2801 et
1535 2748 1597 2801 de
1627 2749 1874 2818 fermento
1923 2744 2216 2800 Pharisaeo-

690 2858 830 2908 rum,
853 2841 917 2894 de
940 2842 1256 2911 confessione
1287 2839 1433 2893 Petri
1459 2848 1505 2893 et
1535 2838 1885 2893 benedictione
1914 2837 2143 2907 Domini,
2169 2846 2219 2892 et

692 2934 757 2988 de
787 2949 842 2988 se
867 2931 1166 3003 abnegando
1188 2931 1283 3003 qui.
1310 2929 1572 2986 Christum
1595 2930 1737 3000 sequi
1767 2929 2000 2984 voluerit.

694 3069 746 3123 1.
782 3068 976 3126 Christi
996 3070 1330 3142 dignoscendi
1353 3080 1492 3136 nota,
1512 3087 1724 3141 operum
1750 3071 1929 3126 virtus.
1953 3101 2013 3111 —
2045 3069 2113 3124 Et
2133 3086 2219 3124 ac-

2321 1889 2441 1944 quae
2467 1875 2519 1928 in
2539 1873 2754 1928 homine
2771 1874 2839 1929 de
2857 1883 3120 1942 conceptu
3137 1873 3354 1943 virginis
3375 1881 3588 1942 sumpto
3606 1873 3919 1928 divinarum

2319 1972 2476 2019 erant
2501 1965 2656 2034 plena
2688 1964 2968 2030 virtutum,
3025 1965 3276 2035 cognosci
3306 1973 3471 2034 atque
3506 1965 3715 2034 intelligi
3745 1963 3815 2019 de
3849 1978 3921 2020 se

2320 2057 2491 2111 voluit
2515 2067 2569 2112 et
2601 2057 2877 2127 prophetae
2918 2057 3073 2128 signo
3101 2067 3155 2112 et
3185 2057 3417 2112 hominis
3447 2058 3710 2128 exemplo.

2391 2149 2445 2203 5.
2474 2147 2541 2201 1η
2569 2149 2694 2220 legis
2715 2148 2953 2218 operibus
2974 2163 3088 2219 spes
3113 2149 3280 2215 nulla,
3316 2149 3401 2202 ubi
3447 2150 3630 2203 veritas
3683 2149 3924 2220 contigit.

2319 2270 2390 2280 —
2417 2239 2487 2294 Et
2531 2240 2719 2295 relictis
2749 2241 2856 2294 illis
2903 2240 3029 2294 abiit
3073 2239 3265 2310 (Ibid.,
3307 2239 3385 2310 4).
3431 2239 3549 2296 Non
3601 2241 3742 2296 sicut
3787 2241 3928 2296 locis

2319 2335 2440 2390 aliis
2472 2334 2687 2404 legitur,
2710 2333 2946 2388 dimissis
2986 2333 3158 2395 turbis
3185 2331 3357 2387 abiit:
3408 2333 3504 2388 sed
3549 2333 3676 2403 quia
3723 2333 3922 2389 inﬁde-

2319 2427 2486 2483 litatis
2530 2443 2688 2482 error
2732 2426 3080 2482 insolentium
3121 2425 3328 2481 animos
3359 2425 3659 2494 obtinebat,
3693 2442 3802 2482 non
3833 2425 3926 2482 di-

2320 2520 2536 2574 misisse
2562 2533 2657 2575 eos
2685 2517 2963 2583 scribitur,
3009 2517 3107 2574 sed
3140 2519 3439 2590 reliquisse.
3470 2517 3540 2572 Et
3580 2536 3700 2574 cum
3743 2520 3921 2574 venis-

2319 2620 2394 2665 set
2423 2620 2565 2665 trans
2592 2616 2812 2681 fretum,
2841 2611 2986 2665 obliti
3035 2621 3152 2665 sunt
3182 2610 3424 2682 discipuli
3445 2613 3556 2682 ejus
3595 2629 3756 2682 panes
3784 2615 3929 2668 acci-

2321 2701 2457 2772 pere.
2486 2701 2640 2756 Jesus
2669 2710 2837 2756 autem
2885 2701 3015 2755 dixit
3069 2701 3177 2756 illis
3209 2702 3510 2757 :Attendite
3552 2703 3692 2758 vobis
3735 2721 3770 2758 ιι
3817 2707 3927 2774 {er-

2321 2802 2488 2846 mento
2521 2791 2907 2847 Pharisaeorum
2953 2801 2998 2846 et
3043 2791 3451 2848 Sadducatorum
3497 2791 3697 2864 (Ibid.,
3747 2795 3804 2858 5,
3834 2795 3922 2864 6).

2321 2886 2579 2941 Absoluta
2625 2885 2804 2941 omnis
2845 2884 2914 2940 de
2941 2883 3207 2940 fermento
3232 2883 3631 2940 Pharisaeorum
3678 2895 3735 2941 et
3781 2886 3926 2942 Sad-

2319 2978 2630 3034 ducaeorum
2675 2976 2974 3032 obscuritas
3011 2985 3113 3032 est.
3151 2975 3306 3045 Quod
3331 2984 3513 3031 autem
3543 2976 3822 3034 abstinere
3851 2991 3918 3034 se

2320 3084 2386 3124 eo
2411 3068 2637 3138 apostoli
2662 3067 2940 3136 jubentur.
2978 3082 3084 3122 non
3114 3066 3400 3122 admisceri
3416 3065 3678 3123 doctrinae
3703 3065 3924 3123 Judaeu-

620 3173 880 3218 cesserunt
905 3163 976 3216 ad
1005 3177 1123 3216 eum
1155 3160 1414 3217 Pharisaei
1461 3173 1507 3217 et
1539 3162 1818 3218 Sadducwi
1849 3172 2116 3228 tentantes,
2168 3159 2288 3222 etC
2319 3178 2438 3217 rum
2489 3169 2807 3226 monentur;
2859 3160 2984 3231 quia
3027 3160 3159 3231 legis
3184 3175 3349 3231 opera
3396 3159 3450 3214 in
3490 3159 3740 3216 effectum
3789 3159 3923 3216 ﬁdei

617 3264 924 3323 rogaverunt
946 3270 1082 3319 eum,
1111 3263 1166 3308 ut
1187 3255 1394 3324 signum
1438 3254 1501 3307 de
1529 3255 1653 3308 caelo
1683 3255 1786 3308 illis
1816 3255 2121 3322 ostenderet,
2158 3263 2215 3310 et

621 3345 825 3415 reliqua
851 3345 1070 3414 (Matth.
1106 3361 1222 3412 xvr,
1259 3344 1332 3416 1).
1377 3345 1586 3401 Adsunt
1613 3345 1870 3401 Pharisaei
1909 3358 1963 3402 et
1999 3347 2212 3403 Saddu-

619 3436 719 3492 caei
760 3436 894 3507 legis
953 3437 1146 3491 ﬁducia
1201 3435 1498 3491 insolentes
1545 3437 2004 3508 dedignantesque
2048 3453 2214 3509 opera

620 3530 883 3583 virtutum
912 3527 1057 3595 ﬁdei,
1094 3529 1302 3600 signum
1332 3528 1542 3582 ostendi
1570 3529 1671 3583 sibi
1702 3529 1770 3584 de
1815 3530 1956 3586 ccelo
1987 3545 2215 3600 prccan-

622 3629 728 3674 tttr.
759 3619 1125 3674 Humilitatem
1161 3619 1212 3673 in
1253 3617 1474 3674 Christo
1516 3618 1695 3674 carnis
1725 3628 1781 3675 et
1803 3621 2048 3688 corporis
2076 3635 2212 3675 con-

624 3721 857 3779 tuentes,
887 3712 1191 3767 doctrinam
1237 3727 1308 3766 ex
1349 3711 1432 3766 his
1460 3727 1581 3781 qum
1619 3712 1721 3766 sub
1765 3713 1997 3768 hominis
2028 3712 2214 3768 habittt

619 3803 847 3874 gerebat
888 3803 1246 3874 dedignantur
1275 3803 1545 3873 accipere.
1588 3803 1824 3871 Quorum
1875 3804 2211 3860 insolentiam

621 3905 677 3951 et
708 3896 1022 3951 inanitatem
1043 3895 1292 3961 irridens,
1326 3895 1494 3948 multa
1516 3909 1611 3950 eos
1634 3895 1702 3950 de
1727 3903 1916 3950 natura
1939 3896 2061 3952 coeli
2083 3912 2216 3952 con-

625 3989 800 4060 jicere
826 3989 1004 4044 solere
1029 3987 1331 4058 respondit,
1359 4003 1481 4043 cum
1522 3987 1818 4043 rubicundo
1845 3999 1939 4044 aut
1973 3997 2095 4044 ortu
2123 3999 2216 4044 aut

621 4095 851 4151 vespere
881 4094 1130 4135 serenum
1170 4079 1544 4134 nimbosumve
1558 4081 1865 4149 pronutient
1893 4079 2082 4154 (Ibid.,
2109 4081 2165 4152 2)
2197 4099 2210 4134 :

623 4185 792 4242 porro
815 4180 994 4226 autem
1021 4170 1268 4240 ignorare
1284 4186 1379 4225 eos
1397 4181 1698 4240 temporum
1738 4175 1888 4243 signa
1917 4171 2104 4246 (Ibid.,
2129 4171 2211 4244 4),

624 4277 748 4318 cum
773 4261 950 4316 omnis
985 4261 1057 4332 (c)
1088 4262 1174 4316 lex
1203 4270 1258 4314 et
1289 4262 1567 4330 prOphetae
1608 4263 1871 4318 adventus
1906 4247 1989 4319 sui
2017 4265 2212 4320 indicia

626 4369 694 4407 ex
723 4366 947 4420 operum
993 4365 1113 4420 qua:
1138 4361 1353 4421 gereret
1389 4353 1746 4410 admiratione
1781 4354 2084 4425 signiﬁcent
2112 4375 2125 4409 :
2157 4364 2215 4412 ut

620 4441 1076 4513 quemadmodum
1108 4441 1268 4498 ﬁdem
1308 4445 1645 4513 tempestatis
1685 4447 1808 4502 coeli
1837 4447 1918 4502 vel
1961 4448 2210 4504 matutini

2318 3264 2373 3311 et
2402 3256 2454 3310 in
2493 3254 2983 3326 praeformationem
3026 3269 3205 3310 rerum
3233 3255 3680 3324 consequentium
3714 3254 3924 3309 consti-

2318 3358 2430 3404 tuta
2479 3348 2627 3403 sint:
2659 3357 2716 3402 ut
2737 3347 2785 3419 (Ι
2794 3346 2814 3418 )
2865 3348 2918 3402 in
2947 3362 3175 3417 quorum
3227 3355 3468 3416 tempora
3505 3355 3667 3417 atque
3695 3354 3923 3403 aetatem

2317 3440 2518 3496 veritas
2543 3439 2878 3510 contigisset,
2911 3438 3044 3493 nihil
3073 3438 3214 3492 ultra
3261 3439 3319 3492 in
3365 3439 3608 3494 veritatis
3649 3439 3909 3494 similitu-

2317 3531 2442 3586 dine
2472 3532 2584 3600 spei
2609 3534 2843 3600 positum
2880 3531 3304 3595 arbitrarentur;
3340 3545 3409 3586 ne
3437 3530 3673 3586 doctrina
3712 3529 3916 3584 Phari-

2317 3639 2549 3679 sanorum
2577 3623 2851 3678 Christum
2898 3623 3168 3690 nesciens,
3199 3621 3422 3680 effectus
3451 3624 3692 3680 veritatis
3734 3637 3914 3681 evan-

2316 3718 2504 3788 gelicae
2533 3727 2924 3786 corrumperet.

2389 3809 2442 3864 4.
2481 3809 2651 3865 Filius
2678 3820 2726 3865 et
2753 3809 2888 3865 Deus
2909 3821 3133 3868 aeternus
3159 3822 3205 3868 et
3232 3822 3382 3869 natus
3409 3821 3504 3869 est.
3531 3843 3605 3854 ——
3641 3813 3792 3870 Venit
3813 3831 3916 3869 au-

2319 3909 2419 3955 tem
2445 3899 2600 3956 Iesus
2625 3903 2677 3956 in
2704 3913 2876 3970 partes
2897 3900 3145 3958 Caesarea:
3176 3903 3430 3975 Philippi,
3470 3916 3520 3960 et
3561 3907 3918 3974 interrogabat

2319 3996 2600 4068 discipulos
2646 4013 2792 4062 suos,
2841 4005 2897 4052 et
2926 3997 3134 4068 reliqua
3188 3998 3376 4071 (Ibid.,
3409 4000 3525 4069 15).
3568 4000 3625 4055 In
3655 4015 3918 4070 processu

2318 4088 2588 4144 sermonis
2615 4097 2778 4158 atque
2804 4089 2984 4158 operis
3015 4089 3316 4146 absolutius
3342 4091 3624 4162 discipulis
3644 4092 3916 4163 cognitio-

2321 4193 2444 4233 nem
2471 4195 2621 4234 sttam
2649 4179 2727 4250 (id
2755 4187 2850 4243 est,
2881 4177 2988 4250 sui)
3037 4190 3275 4250 praestat,
3317 4191 3373 4236 et
3399 4182 3684 4251 quamdam
3714 4182 3919 4237 intelli-

2316 4269 2474 4340 gendi
2499 4285 2558 4325 se
2590 4269 2818 4326 formam
2845 4271 3220 4342 rationemque
3243 4274 3548 4329 constituit.
3597 4274 3694 4330 Est
3721 4283 3917 4332 autem

2318 4359 2435 4414 haec
2472 4375 2600 4414 vera
2633 4369 2689 4415 et
2740 4361 3066 4418 inviolabilis
3114 4364 3266 4430 ﬁdes,
3320 4381 3389 4420 ex
3437 4365 3550 4421 Deo
3595 4367 3917 4425 aeternitatis

2320 4451 2428 4523 (cui
2458 4451 2534 4506 ob
2560 4450 2613 4505 id
2639 4451 2784 4521 quod
2813 4468 3027 4523 semper
3052 4453 3193 4509 ﬁlius
3241 4454 3424 4522 fuerit,
3472 4471 3690 4529 semper
3729 4468 3785 4514 et
3817 4457 3917 4528 jus

622 4534 709 4590 vel
739 4534 979 4604 vesperis
1003 4533 1166 4588 rubor
1191 4534 1476 4600 redderet;
1510 4535 1582 4590 ita
1624 4538 1963 4594 manifestam
1994 4548 2208 4610 tempo-
2235 4542 2290 4603 D
2318 4545 2485 4616 patris
2517 4553 2572 4599 et
2595 4559 2794 4601 nomen
2826 4546 2928 4610 sit;
2986 4563 3054 4602 ne
3081 4548 3127 4602 si
3175 4562 3282 4603 non
3324 4564 3540 4619 semper
3588 4551 3746 4615 ﬁlius,
3799 4565 3918 4608 non

621 4643 745 4683 rum
792 4626 1154 4697 cognitionem
1207 4628 1466 4683 virtutum
1519 4637 1684 4700 atque
1736 4646 1960 4702 operum
2013 4633 2208 4689 indicia

622 4727 880 4790 praestare
901 4717 1184 4773 deberent.

695 4814 750 4865 2.
779 4808 943 4865 Jonas
971 4809 1162 4864 Christi
1183 4811 1369 4882 figura.
1393 4841 1462 4852 —-
1479 4811 1586 4868 Sed
1605 4823 1754 4868 ortus
1776 4829 1806 4869 e
1827 4815 1968 4870 ctelo
1991 4815 2204 4886 signum

621 4904 708 4958 his
745 4911 1002 4958 terrestre
1044 4903 1342 4968 constituit,
1386 4913 1445 4957 ut
1488 4918 1586 4958 eos
1632 4904 1770 4958 intra
1809 4906 2203 4962 confessionem

624 4996 1232 5064 humilitatiscorporeae
1258 4996 1583 5062 contineret,
1606 4997 1840 5052 dandum
1862 4998 2048 5054 dicens
2071 4999 2208 5057 Jona

617 5093 830 5161 signum
859 5106 873 5144 :
906 5087 1038 5145 Huic
1059 5102 1118 5142 se
1151 5087 1405 5143 Dominus
1431 5101 1726 5159 comparat,
1759 5105 1917 5160 quem
1966 5092 2033 5148 ad
2065 5091 2209 5149 futu-

692 5246 770 5318 (a)
796 5245 1150 5318 Carnutensis
1176 5243 1345 5318 codex
1371 5260 1494 5318 cum
1525 5243 1680 5299 Coll).
1714 5245 1936 5315 Spiritu.

713 5316 767 5385 b)
789 5317 845 5373 In
883 5331 982 5371 ms.
1015 5317 1172 5370 Rom.
1202 5316 1635 5385 participationes.

713 5320 767 5387 b)
789 5320 845 5373 In
883 5331 982 5371 ms.
1015 5320 1172 5370 Rom.
1202 5320 1635 5385 participationes.

685 5320 760 5463 lc)
791 5388 945 5463 Apud
972 5387 1092 5463 P_a_r.
1128 5403 1242 5440 cum
1273 5388 1501 5463 omnibus
1532 5388 1632 5463 lex.
1665 5386 1958 5463 Reetiusﬁin
1989 5393 2112 5448 aliis
2137 5393 2205 5447 li-

612 5457 749 5534 bri's,
775 5460 958 5513 omnis.
993 5457 1082 5514 Sic
1107 5467 1161 5512 et
1186 5473 1304 5528 cap.
1332 5458 1422 5525 12,
1453 5474 1508 5512 n.
1531 5459 1586 5524 2,
1611 5461 1730 5528 quia
1756 5462 1920 5515 omnis
1941 5463 2025 5517 lea:
2047 5479 2206 5534 usque

613 5533 684 5587 ad
706 5529 980 5584 Joannem.

612 5673 661 5728 ὁ.
689 5602 770 5724 (dt)
793 5600 1034 5656 Latinius
1053 5615 1120 5656 ex
1145 5597 1268 5655 Vat.
1289 5601 1411 5656 cod.
1435 5600 1840 5670 incarnationis;
1866 5619 1970 5660 non
1994 5615 2075 5660 est
2104 5619 2204 5661 au-

653 5689 734 5726 lc"
779 5686 857 5725 IIS.

653 5674 857 5726 icmltts.

683 5744 755 5809 (ε)
786 5743 892 5794 Sex
919 5755 1049 5796 mss.
1081 5741 1133 5794 in
1161 5757 1214 5796 se
1237 5741 1606 5816 remissionem,
1632 5761 1740 5804 tton
1771 5748 1901 5818 ipse.

2319 4650 2537 4706 semper
2549 4644 2604 4692 et
2619 4647 2770 4706 pater
2786 4637 2876 4708 sit)
2898 4637 3064 4692 Deum
3085 4637 3252 4693 ﬁlium
3277 4637 3577 4709 profectum
3608 4639 3801 4706 fuisse,
3822 4640 3920 4697 cui

2317 4729 2387 4784 sit
2405 4745 2475 4785 ex
2499 4729 2800 4785 aeternitate
2822 4731 3058 4800 parentis
3087 4732 3380 4787 aeternitas.
3413 4731 3570 4789 Nasci
3589 4743 3766 4789 autem
3783 4749 3918 4790 eum

2317 4820 2566 4876 voluntas
2595 4821 2714 4890 ejus
2741 4820 2838 4875 fuit
2867 4820 2962 4894 (V.
2984 4821 3098 4878 Lttt
3127 4823 3191 4878 de
3219 4821 3390 4888 Trin.,
3429 4841 3484 4878 η.
3515 4825 3620 4894 ι),
3663 4823 3818 4894 cujus
3855 4825 3917 4882 in

2316 4912 2511 4967 virtute
2525 4928 2588 4968 ac
2602 4921 2868 4982 potestate
2883 4914 3055 4969 inerat
3066 4924 3125 4969 ut
3147 4926 3481 4972 nasceretur.
3501 4917 3596 4973 Est
3614 4932 3745 4987 ergo
3764 4917 3914 4974 ﬁlius

2319 5005 2412 5061 Dei
2459 5022 2525 5060 ex
2581 5006 2692 5061 Deo
2733 5006 2899 5071 Deus,
2948 5021 3086 5062 unus
3115 5008 3168 5063 in
3199 5016 3474 5080 utroque:
3505 5009 3582 5082 (g)
3612 5009 3916 5067 tbeotetatn

2317 5097 2482 5163 enim,
2511 5112 2671 5167 quam
2695 5096 2955 5154 deitatem
2984 5098 3161 5154 Latini
3191 5109 3526 5172 nuncupant,
3553 5100 3920 5175 aeterna“

2383 5252 2464 5326 (f)
2499 5253 2598 5307 Ms.
2628 5253 2788 5308 Rom.
2838 5254 2893 5308 in
2918 5271 3133 5328 quorum
3161 5265 3390 5327 tempore
3423 5267 3576 5328 atque
3597 5267 3769 5324 aetate,
3799 5273 3916 5317 non

2313 5325 2421 5399 alio
2480 5339 2646 5399 sensu
2678 5342 2690 5377 :
2726 5333 2835 5399 tum
2881 5327 3068 5399 veritas
3113 5325 3428 5399 contieescit,
3481 5325 3916 5399 Suﬁ'ragantibus

2309 5395 2458 5467 Colb.
2493 5406 2548 5450 et
2575 5395 2735 5452 Carn.
2768 5395 2821 5450 in
2869 5397 3064 5467 quibus
3111 5398 3305 5466 legitur
3352 5395 3701 5466 conticescet}
3741 5400 3911 5456 male.

2311 5465 2532 5535 Legem,
2567 5475 2624 5521 ut
2651 5475 2775 5536 pote
2819 5465 3042 5536 ﬁguram
3097 5477 3153 5524 et
3183 5470 3457 5536 umbram,
3509 5471 3764 5528 veniente
3811 5485 3915 5526 ve-

2309 5539 2490 5602 ritate,
2519 5538 2716 5593 nullam
2747 5553 2868 5592 esse
2897 5537 2984 5592 hic
3009 5539 3332 5596 declaratur.

2379 5608 2457 5678 (g)
2503 5607 2666 5679 Magis
2691 5608 2955 5663 arrideret
2981 5624 3156 5679 graeca
3182 5626 3287 5667 vox
3308 5614 3529 5671 θεοτῆτα
3552 5612 3655 5668 nisi
3685 5613 3911 5670 obnite-

2310 5681 2822 5751 terenturgantiquae
2865 5679 3131 5737 editiones
3175 5696 3298 5736 cum
3348 5683 3596 5738 omnibus
3627 5699 3761 5738 mss.
3798 5700 3911 5741 ιιοιι

2309 5757 2512 5806 tantum
2566 5749 2673 5818 hic,
2719 5749 2822 5808 Sed
2867 5752 3032 5808 etiam
3059 5767 3109 5810 c.
3154 5752 3250 5821 26,
3280 5769 3337 5808 ιι.
3370 5754 3426 5821 5,
3483 5754 3570 5810 ubi
3624 5754 3914 5814 theotettms
