4222 6262
325 327 466 385 1009

1230 330 1773 390 COMMENTARIUS
1809 330 1878 388 IN
1906 331 2315 390 MATTII/EUM
2352 334 2505 390 CAP.
2549 336 2690 392 XVI.

3477 343 3617 402 1010

323 444 440 514 ejus
469 447 730 514 parentis,
764 463 836 504 ex
866 464 972 520 quo
1001 447 1273 504 nascendo
1303 454 1388 502 est
1416 445 1710 516 profecuts,
1757 460 1914 502 aece-
1943 450 1996 510 Α
2022 448 2150 503 lium
2184 450 2234 504 in
2263 449 2481 506 homine
2507 451 2752 508 vidisset.
2786 453 3086 510 Beatushic
3115 465 3218 520 est,
3248 457 3338 526 qui
3369 456 3504 511 ultra
3534 457 3615 530 (a)

321 536 424 606 pit.
479 537 703 608 Accepit
746 550 924 596 autem
978 541 1082 595 hoc
1127 538 1268 608 quod
1308 547 1464 593 erat:
1495 545 1550 592 et
1597 545 1778 591 natum
1832 545 1916 592 est

323 624 564 682 Verbum
589 630 731 699 quod
763 629 859 685 fuit
884 645 1098 700 semper
1124 630 1177 685 in
1208 629 1389 684 Patre.
1438 628 1615 697 Atque
1649 627 1720 681 ita
1747 627 1915 682 Filius

320 725 376 772 et
406 727 645 775 aeternus
675 728 730 775 et
759 729 916 775 natus
940 732 1023 775 est
1050 740 1062 774 :
1095 721 1219 792 quia
1249 736 1356 776 non
1403 720 1545 774 aliud
1595 720 1648 774 in
1698 734 1764 775 eo
1813 735 1913 774 na-

320 817 433 864 tum
465 819 569 876 est,
595 827 753 882 quam
782 813 924 883 qu‘od
953 822 1214 868 aeternum
1244 822 1344 867 est.

390 903 443 958 5.
477 903 645 958 Filius
690 903 788 958 Dei
827 914 975 960 estet
1005 906 1146 974 ﬁlius
1175 905 1415 960 hominis.
1447 934 1517 946 -—
1550 905 1702 960 Hunc
1749 904 1912 975 igitur

320 993 683 1064 assumpsisse
712 1009 930 1066 corpus,
966 1005 1022 1052 et
1048 995 1320 1051 hominem
1355 995 1554 1050 factum
1602 1010 1743 1059 esse,
1793 1009 1914 1064 per-

317 1083 459 1140 fecta
488 1085 764 1143 confessio
793 1097 878 1143 est
906 1106 918 1142 :
949 1090 1071 1160 quia
1096 1089 1238 1144 sicut
1257 1091 1530 1144 aeternitas
1559 1097 1764 1143 naturae
1791 1103 1916 1142 nos-

320 1187 418 1233 trae
461 1195 656 1250 corpus
682 1181 925 1252 accepit;
959 1183 1030 1237 ita
1061 1183 1493 1251 cegnoscendum
1525 1191 1631 1247 est,
1665 1191 1911 1237 naturam

317 1270 563 1339 corporis
589 1271 758 1326 nostri
783 1272 1104 1328 aeternitatis
1132 1287 1410 1327 assumere
1451 1289 1608 1343 posse
1637 1276 1908 1327 virtutem.

316 1357 485 1430 Igitur
513 1362 638 1431 quia
668 1377 939 1418 summum
967 1363 1020 1419 in
1050 1363 1157 1420 flde
1189 1365 1288 1419 ista
1317 1365 1515 1419 bonum
1546 1375 1659 1430 est;
1691 1380 1721 1419 a
1745 1364 1910 1420 disci-

319 1453 461 1524 pulis
517 1455 747 1525 requirit
794 1471 952 1527 quem
995 1471 1056 1512 se
1103 1457 1348 1512 homines
1391 1473 1513 1514 esse
1540 1457 1827 1513 dicerent:
1859 1467 1915 1514 et

317 1544 540 1615 adjecit,
581 1545 810 1602 hominis
838 1548 1026 1617 ﬁlium.
1077 1547 1202 1603 Haec
1247 1549 1388 1603 enim
1436 1547 1793 1603 confessionis
1834 1537 1910 1604 te-

316 1639 494 1695 nenda
526 1640 662 1695 ratio
689 1648 794 1706 est,
850 1649 908 1696 ut
951 1640 1092 1696 sicut
1143 1641 1239 1696 Dei
1288 1641 1481 1704 ﬁlium,
1533 1642 1604 1696 ita
1635 1650 1690 1696 et
1741 1640 1912 1697 lilium

317 1731 554 1788 hominis
593 1733 1001 1789 meminerimus
1044 1752 1057 1788 :
1112 1735 1239 1805 quia
1288 1735 1519 1790 alterum
1581 1735 1700 1790 sine
1743 1735 1912 1792 altero

320 1825 454 1881 nihil
483 1827 596 1894 spei
626 1827 813 1882 tribuit
841 1827 908 1882 ad
937 1829 1190 1886 salutem.

386 1919 439 1973 6.
483 1918 628 1972 Petri
645 1924 806 1992 juxta
839 1919 1026 1975 Christi
1055 1922 1299 1990 placitum
1328 1925 1605 1994 confessio.
1636 1953 1706 1963 —
1736 1922 1911 1978 Editis

318 2009 518 2080 itaque,
544 2026 667 2080 qua:
697 2011 927 2067 diversa:
953 2011 1020 2066 de
1044 2025 1111 2066 eo
1156 2021 1330 2080 erant,
1376 2012 1653 2068 hominum
1697 2013 1910 2082 Opinio-

320 2100 501 2165 nibus,
531 2102 659 2172 quid
687 2101 756 2156 de
799 2117 857 2157 se
895 2102 995 2172 ipsi
1043 2104 1282 2158 sentiant
1330 2105 1543 2174 qumrit.
1590 2103 1782 2158 Petrus
1822 2118 1910 2159 re-

315 2191 535 2263 spondit
566 2209 581 2246 :
608 2192 685 2248 Tu
712 2211 763 2248 es
783 2193 1018 2250 Christus
1042 2195 1180 2264 filius
1203 2195 1298 2250 Dei
1326 2197 1423 2251 vivi
1451 2196 1639 2268 (lbid.,
1663 2196 1775 2267 1⁸7).
1801 2195 1908 2252 Sed

314 2283 509 2340 Petrus
548 2284 912 2340 conditionem
965 2288 1350 2358 propositionis
1397 2288 1746 2358 expenderet.
1797 2288 1909 2344 Do-

314 2377 497 2432 minus
517 2377 660 2432 enim
708 2377 958 2432 dixerat:
996 2379 1154 2446 Quem
1181 2396 1262 2433 me
1299 2381 1526 2436 homines
1557 2397 1664 2435 esse
1704 2382 1908 2447 dicunt,

314 2471 480 2539 ﬁlium
509 2471 774 2524 hominis?
805 2471 870 2525 Et
899 2483 1048 2527 certe
1094 2473 1260 2526 lilittm
1293 2472 1528 2527 hominis
1576 2474 1908 2544 contempla-

317 2563 392 2616 tio
423 2564 666 2634 corporis
697 2567 1020 2634 praeferebat
1052 2567 1184 2622 :sed
1229 2565 1497 2634 addendo,
1526 2583 1674 2637 quem
1703 2584 1784 2621 me
1803 2583 1910 2622 esse

317 2656 516 2722 dicunt,
551 2657 895 2728 significavit,
929 2671 1124 2730 praeter
1166 2661 1218 2716 id
1249 2661 1394 2733 quod
1425 2662 1480 2717 in
1511 2677 1570 2717 se
1600 2662 1904 2729 videbatur,

314 2748 624 2804 esse'aliud
675 2751 1050 2819 sentiendum;
1101 2763 1218 2809 erat
1267 2754 1412 2809 enim
1455 2754 1699 2825 hominis
1741 2754 1903 2810 filius.

314 2838 684 2912 Quodgigitnr
729 2842 797 2898 de
845 2859 905 2900 se
949 2846 1204 2914 opinandi
1239 2847 1499 2918 judicium
1529 2847 1908 2903 desiderabat?

313 2927 431 2984 Non
459 2931 586 2988 illud
617 2933 966 3001 arbitramur,
995 2937 1136 3007 quod
1161 2936 1230 2993 de
1255 2951 1314 2992 se
1337 2937 1452 3008 ipse
1475 2937 1756 2994 confessus
1782 2948 1865 2994 est
1891 2959 1905 2996 :

314 3024 409 3079 sed
436 3025 703 3082 occultum
751 3035 869 3082 erat
898 3031 965 3082 de
1007 3043 1116 3099 quo
1155 3031 1514 3100 quaerebatur,
1559 3029 1611 3084 in
1662 3029 1805 3100 quod
1846 3045 1906 3086 se

313 3115 648 3173 credentium
683 3117 817 3174 fides
842 3118 1075 3174 debebat
1099 3121 1412 3177 extendere.

2019 538 2284 596 humanos
2331 543 2518 597 oculos
2557 552 2613 598 et
2661 544 2960 601 intendisse
3007 556 3062 602 et
3119 547 3320 603 vidisse
3369 549 3617 604 laudatus

2019 644 2106 691 est
2136 654 2148 691 :
2184 650 2289 690 non
2345 637 2396 692 id
2447 638 2590 706 quod
2618 654 2687 695 ex
2745 655 2911 696 carne
2941 649 2995 696 et
3037 643 3300 712 sanguine
3338 652 3454 698 erat
3486 659 3620 698 con-

2016 737 2193 796 tuens,
2222 731 2315 786 sed
2337 732 2429 786 Dei
2461 731 2626 786 filium
2655 733 2894 788 caelestis
2932 734 3100 803 patris
3123 735 3448 790 revelatione
3485 750 3618 791 con-

2015 822 2283 890 spiciens;
2326 824 2624 895 dignusque
2666 825 2958 894 judicatus,
2991 825 3083 896 qui
3125 827 3266 896 quod
3307 827 3360 882 in
3398 827 3614 882 Christo

2018 913 2110 970 Dei
2139 924 2304 980 esset,
2356 919 2560 986 primus
2622 929 2959 989 agnosceret.
3010 917 3055 974 Ο
3109 920 3161 974 in
3209 921 3614 990 nuncupatione

2015 1008 2139 1061 novi
2169 1009 2399 1064 nominis
2431 1009 2556 1064 felix
2591 1011 2847 1066 Ecclesia:
2873 1010 2949 1083 (b)
2973 1010 3400 1079 fundamentum,
3432 1013 3619 1082 digna-

2017 1113 2122 1167 que
2148 1097 2504 1154 mdiﬂcatione
2535 1100 2682 1155 illius
2710 1111 2882 1170 petra,
2924 1117 3044 1172 quae
3079 1100 3315 1157 infernas
3347 1103 3511 1172 leges,
3558 1112 3617 1159 et

2017 1192 2202 1245 tartari
2233 1201 2438 1259 portas,
2470 1202 2525 1246 et
2551 1193 2731 1247 omnia
2761 1193 2951 1247 mortis
2977 1193 3211 1248 claustra
3254 1173 3610 1249 dissolveret!

2016 1281 2061 1337 Ο
2092 1282 2278 1336 beatus
2321 1283 2445 1338 cmli
2481 1283 2704 1353 janitor,
2734 1284 2888 1354 cujus
2940 1284 3164 1340 arbitrio
3193 1285 3376 1340 claves
3419 1287 3618 1341 aeterni

2017 1372 2192 1428 aditus
2224 1373 2528 1441 traduntur,
2555 1377 2710 1445 cujus
2755 1384 3014 1431 terrestre
3059 1373 3318 1445 judicium
3364 1375 3618 1445 praeiudi-

2016 1473 2135 1520 cata
2160 1465 2324 1538 750
2353 1468 2646 1521 auctoritas
2694 1467 2766 1522 sit
2804 1468 2855 1520 in
2900 1466 3040 1522 cmlo
3072 1483 3085 1521 :
3115 1475 3173 1521 ut
3202 1483 3322 1537 qum
3353 1468 3404 1521 in
3448 1467 3611 1524 terris

2017 1567 2109 1612 aut
2139 1558 2296 1628 ligata
2325 1558 2431 1612 sint
2456 1567 2547 1612 aut
2573 1560 2770 1620 soluta.
2818 1557 3007 1612 statuti
3055 1558 3296 1627 ejusdem
3345 1557 3615 1614 conditio-

2017 1665 2139 1706 nem
2167 1649 2447 1704 obtineant
2472 1659 2525 1704 et
2553 1650 2608 1704 in
2629 1651 2788 1706 coelo.

2089 1740 2143 1796 8.
2192 1740 2431 1795 Divitatis
2475 1739 2667 1795 Christi
2697 1750 2845 1796 testes
2890 1742 2974 1796 lex
3021 1751 3069 1795 et
3116 1745 3402 1813 prophetae,
3443 1759 3614 1797 resur-

1936 1831 2249 1900 Brectiouis
2295 1831 2538 1896 apostoli.
2565 1831 2820 1886 -—Jubet
2865 1832 3025 1886 etiam
3073 1831 3379 1900 discipulis,
3425 1848 3492 1888 ne
3516 1833 3603 1888 cui

2013 1922 2301 1991 loquantur
2325 1922 2467 1991 quod
2499 1921 2614 1990 ipse
2662 1931 2746 1977 est
2792 1920 3038 1978 Christus
3088 1921 3278 1995 (lbid.,
3309 1923 3405 1995 20)
3433 1942 3446 1979 :
3472 1924 3611 1979 alios

2013 2015 2157 2069 enim
2187 2013 2260 2087 (ε)
2291 2015 2521 2084 Spiritus
2568 2016 2648 2069 sui
2702 2029 2824 2070 esse
2871 2024 3037 2071 testes
3083 2017 3385 2086 oportebat,
3435 2019 3610 2088 legem

2011 2106 2267 2161 videlicet
2294 2114 2349 2161 et
2378 2107 2692 2176 prophetas.
2726 2107 2994 2162 Caeterum
3036 2109 3452 2164 resurrectionis
3503 2119 3614 2166 tes-

2013 2198 2294 2252 timonium
2327 2199 2606 2268 proprium
2637 2206 2721 2252 est
2745 2200 3135 2268 apostolorum.
3174 2200 3240 2254 Et
3278 2201 3400 2270 quia
3433 2199 3611 2256 scien-

2010 2291 2144 2345 tium
2174 2291 2226 2345 in
2259 2290 2464 2362 Spiritu
2509 2290 2782 2345 Christum
2828 2291 3105 2346 beatitudo
3151 2301 3448 2348 monstrata
3493 2303 3610 2359 est;

2012 2395 2222 2454 negata:
2255 2399 2469 2439 rursum
2497 2384 2816 2438 humilitatis
2842 2393 2898 2440 et
2939 2386 3208 2456 passionis
3249 2386 3365 2456 ejus
3397 2387 3612 2456 pericu.

2013 2478 2122 2533 lum
2155 2479 2482 2533 declaratur.

2082 2570 2136 2625 9.
2168 2569 2400 2624 Christus
2429 2569 2568 2623 Deus
2616 2579 2662 2623 et
2688 2571 2838 2623 homo
2865 2569 3206 2640 conﬁtendus.
3236 2599 3306 2610 —-
3327 2570 3460 2625 Nam
3486 2586 3612 2627 cum

2011 2659 2306 2730 praedicare
2353 2659 2632 2729 cmpisset,
2674 2668 2929 2728 oportere
2971 2675 3032 2715 se
3071 2659 3461 2732 Jerosolymam
3507 2662 3612 2731 ire,

2010 2753 2120 2824 pati
2149 2752 2346 2808 deinde
2371 2753 2525 2821 plura
2546 2766 2577 2805 a
2603 2751 2908 2807 senioribus
2928 2750 3126 2822 plebis,
3159 2759 3216 2807 et
3240 2766 3268 2805 a
3290 2751 3523 2817 ,Scribis
3554 2762 3610 2809 et

2009 2845 2343 2914 principibus
2366 2844 2732 2911 sacerdotum,
2766 2845 2940 2901 occidi
2969 2846 3155 2912 etiam,
3195 2856 3250 2902 et
3296 2856 3420 2917 post
3461 2848 3606 2903 diem

2009 2939 2225 2993 tertium
2296 2952 2579 3008 resurgere
2636 2937 2824 3009 (Ibid.,
2860 2937 2984 3010 21),
3014 2939 3426 3010 apprehendens
3479 2955 3608 2996 eum

2009 3030 2221 3096 Petrus,
2251 3031 2322 3084 ait
2355 3048 2368 3084 :
2402 3030 2541 3083 Absit
2570 3049 2602 3084 a
2630 3040 2695 3098 te,
2726 3029 2970 3098 Domine,
3003 3031 3080 3102 (ά)
3113 3048 3216 3085 non
3243 3033 3336 3086 erit
3362 3033 3518 3085 istud.
3541 3031 3608 3085 At

2008 3124 2117 3195 ipse
2142 3139 2433 3187 conversus,
2472 3122 2631 3178 Petro
2657 3125 2833 3179 dixit:
2870 3123 3014 3179 Vade
3046 3135 3181 3179 retro
3220 3136 3333 3196 post
3372 3143 3474 3189 me,
3520 3142 3606 3180 sa-

385 3210 438 3262 7.
493 3209 840 3282 Confessionis
883 3229 1094 3268 merces.
1119 3243 1189 3252 —
1215 3213 1280 3267 Et
1327 3213 1546 3284 dignum
1576 3215 1731 3284 plane
1767 3229 1899 3269 con-
1929 3227 1975 3290 (ξ
2007 3225 2152 3281 tuna,
2181 3216 2482 3270 scandalum
2510 3217 2634 3270 mihi
2661 3233 2710 3271 es
2738 3217 2926 3287 (lbid.,
2949 3216 3044 3284 22,
3091 3218 3203 3289 25).
3230 3218 3301 3275 Ut
3349 3219 3443 3274 Dei
3486 3235 3606 3274 mu-

315 3300 481 3358 fessio
529 3303 674 3359 Petri
718 3304 1001 3375 prtemium
1047 3314 1340 3360 consecuta
1377 3316 1479 3374 est,
1529 3307 1654 3378 quia
1700 3307 1797 3361 Dei
1841 3308 1905 3361 fi-

314 3461 528 3518 rursuni
558 3447 736 3518 legere
764 3461 868 3503 88f.
898 3447 1051 3504 Unde
1074 3449 1332 3504 Erasmus
1363 3448 1453 3504 hic
1471 3449 1535 3503 ad
1560 3449 1855 3514 marginem
1883 3468 1898 3505 :

315 3515 506 3588 Nescio
531 3535 597 3572 an
618 3515 899 3572 'theotetam
921 3519 1127 3585 dixerit,
1155 3520 1578 3586 quemadmodum
1604 3519 1728 3574 alibi
1749 3520 1898 3588 dixit,

313 3587 598 3659 rheumam,
627 3589 985 3659 diapsalmam,
1031 3600 1076 3644 et
1103 3608 1362 3644 ntannam.

389 3659 468 3729 (α)
498 3658 603 3729 εἰς)Δ
625 3674 756 3713 mss.
798 3675 858 3714 ea
889 3662 1006 3714 scil.
1038 3664 1246 3716 ratione
1268 3678 1372 3729 qua
1403 3660 1497 3715 lib.
1534 3676 1585 3713 vt
1624 3661 1692 3716 de
1719 3660 1898 3726 Trin.,

317 3743 376 3803 ῃ.
410 3727 481 3782 52
511 3747 523 3780 z
559 3727 712 3803 Ultra
737 3729 1019 3803 humanam
1039 3727 1425 3803 intelligentiam
1446 3749 1498 3785 se
1521 3731 1648 3802 ﬁdes
1692 3741 1900 3802 aposto-

316 3799 418 3852 lica
448 3801 723 3866 protendit.
751 3803 819 3855 At
842 3801 1047 3866 excusi,
1079 3799 1545 3856 ultra'humanum.

389 3867 464 3940 (b)
495 3869 549 3924 In
577 3872 814 3939 margine
866 3871 1127 3928 hactenus
1171 3875 1474 3926 obtinuerat
1527 3874 1640 3926 hazc
1693 3871 1903 3927 Erasmi

315 3949 440 3994 nota
475 3958 487 3993 :
522 3940 766 4013 Ecclesia:
811 3944 1202 4013 fundamentum
1231 3943 1377 4012 ﬁdes.
1411 3941 1480 3998 At
1505 3943 1635 3997 nihil
1682 3952 1765 3996 est
1793 3943 1900 4013 hic,

314 4025 412 4065 cur
472 4026 574 4065 non
626 4011 917 4078 ipsummct
967 4015 1185 4068 Petrum
1232 4011 1345 4067 hoc
1390 4013 1564 4082 elegio
1601 4014 1668 4067 ab
1699 4012 1903 4066 Hilario

316 4082 747 4137 commendatum
779 4084 1122 4138 arbitremur.
1171 4084 1377 4138 Erasmi
1428 4098 1666 4139 errorem
1699 4084 1900 4138 Bellar-

318 4152 497 4206 minus
519 4152 650 4206 vidit
679 4169 741 4208 ac
766 4154 908 4222 juste
940 4154 1304 4222 reprehendit,
1338 4153 1516 4224 inique
1558 4165 1735 4207 autem
1771 4169 1900 4224 70m-

317 4225 441 4276 nino
472 4238 534 4277 ac
562 4225 696 4278 mala
731 4225 835 4279 fide
865 4226 1001 4279 tueri
1028 4233 1253 4280 conatur
1280 4225 1571 4288 Scultetus,
1608 4239 1727 4293 pag.
1757 4223 1863 4278 405
1883 4266 1898 4287 ,

317 4308 474 4361 quem
505 4309 626 4348 cum
655 4310 798 4349 verae
832 4295 1014 4350 Hilarii
1053 4296 1336 4350 sententia:
1365 4296 1414 4349 id
1459 4296 1778 4349 convincere
1808 4294 1902 4348 de-

317 4363 542 4426 buisset,
587 4365 727 4434 quod
779 4365 848 4420 ab
900 4369 1016 4435 ipso
1062 4383 1270 4421 rursum
1305 4369 1356 4420 in
1411 4382 1492 4435 ps.
1544 4381 1724 4422 cxxxt.
1755 4381 1810 4418 n.
1843 4363 1896 4431 4,

318 4435 487 4506 audiit
520 4436 756 4499 Petrum,
795 4437 876 4490 cui
922 4438 1154 4500 superius
1181 4438 1346 4490 claves
1376 4437 1518 4506 regni
1545 4435 1787 4489 caelorum
1814 4435 1903 4506 de-

317 4505 482 4572 derat,
511 4523 667 4571 super
707 4524 853 4575 quem
881 4506 1165 4560 Ecclesiam
1192 4505 1538 4576 wdiﬁcaturus
1567 4515 1768 4560 erat....
1801 4505 1903 4560 Pe-

317 4585 452 4629 trum
498 4571 727 4646 primum
769 4578 865 4646 ﬁlii
893 4577 989 4631 Dei
1030 4571 1391 4644 confessorem,
1423 4575 1668 4630 Ecclesiw
1713 4571 1980 4646 funda-D

320 4657 568 4713 mentum,
628 4648 844 4702 caelestis
893 4650 1035 4716 regni
1076 4650 1394 4718 juuitorem;
1449 4663 1513 4702 ex
1547 4647 1648 4700 hoc
1678 4647 1796 4700 loco
1845 4647 1897 4700 id

323 4724 525 4771 tantum
571 4729 854 4783 memorat,
887 4735 991 4786 quo
1023 4721 1215 4788 primus
1259 4719 1382 4788 ﬁdei
1409 4721 1669 4788 confessor
1697 4732 1900 4788 nuncu-

319 4798 494 4859 patur,
552 4802 615 4841 ac
660 4797 854 4842 extera
907 4787 1267 4844 dissimulans
1309 4804 1525 4859 pravam
1578 4787 1900 4859 sententiam

317 4857 602 4926 praefracte
629 4866 826 4912 tuetur.
854 4859 1074 4914 Frustra
1105 4869 1286 4914 autem
1310 4857 1606 4913 contendit
1653 4858 1900 4924 turpissi-

315 4943 456 4982 mam
508 4930 946 4984 contradictionis
984 4932 1247 4984 maculam
1291 4930 1646 4984 celeberrimo
1695 4928 1900 4982 doctori

317 4998 770 5068 adspergendatn,
817 5002 862 5054 si
894 5000 1108 5054 Petrum
1143 5000 1385 5054 Ecclesia:
1419 5003 1806 5070 fundamentum
1834 4997 1904 5053 ab

315 5085 382 5124 eo
429 5071 725 5139 nuncupari
770 5071 1084 5135 dixerimus,
1117 5086 1238 5124 cum
1264 5071 1356 5126 lib.
1406 5069 1460 5124 vt
1490 5070 1556 5124 de
1586 5069 1758 5136 Trin.,
1814 5071 1896 5122 in-

314 5141 454 5208 quit,
511 5141 700 5194 eadem
745 5142 906 5195 verba
955 5143 1020 5195 ad
1052 5141 1196 5196 Petri
1225 5140 1624 5196 confessionem
1675 5143 1893 5196 referat.

315 5210 497 5265 Primo
543 5211 684 5265 enim
739 5226 934 5266 vanum
982 5221 1064 5265 est
1106 5211 1233 5265 illud
1263 5213 1328 5275 si,
1361 5212 1448 5266 ubi
1479 5223 1712 5266 mentem
1744 5226 1896 5264 suam

313 5283 516 5350 apertis
547 5281 726 5352 verbis
756 5283 1072 5337 declaravit.
1104 5282 1306 5337 Deinde
1351 5297 1470 5352 quas
1518 5281 1900 5352 contradictio-

315 5355 398 5406 nis
427 5351 653 5418 maeula,
684 5353 730 5406 si
762 5354 1019 5422 elogium,
1048 5353 1191 5422 quod
1219 5355 1288 5406 ob
1318 5351 1478 5407 fidem
1523 5365 1576 5405 et
1607 5351 1900 5422 confessio-

317 5437 440 5477 nem
471 5437 623 5476 snam
677 5420 874 5477 meruit
923 5420 1131 5488 Petrus,
1175 5423 1336 5478 modo
1383 5422 1449 5477 ad
1497 5422 1691 5491 ipsum,
1739 5420 1900 5474 modo

316 5493 384 5548 ad
441 5492 597 5547 fidem
649 5493 792 5548 illius
837 5494 1122 5548 referatur.
1163 5494 1330 5548 Paulo
1356 5493 1516 5546 etiam
1541 5491 1901 5546 confidentius

321 5563 516 5617 asserit
541 5562 819 5619 Scultetus
845 5564 1103 5619 Hilarium
1139 5565 1220 5618 his
1247 5564 1425 5618 verbis
1450 5581 1464 5617 :
1493 5560 1561 5614 Et
1591 5578 1743 5628 super
1771 5560 1903 5614 hanc

322 5645 560 5706 petram,
591 5642 722 5703 etc.,
776 5645 932 5706 petra:
982 5637 1198 5690 nomine
1249 5632 1522 5688 Christum
1584 5641 1903 5706 constanter

323 5701 656 5760 intellexisse
685 5701 848 5762 {cum
887 5720 955 5760 ne
993 5705 1078 5760 vel
1123 5706 1288 5760 semel
1319 5719 1443 5760 eum
1487 5703 1648 5758 verba
1695 5703 1784 5757 illa
1831 5701 1906 5757 ita

326 5776 735 5844 interpretatum
785 5791 909 5832 esse
959 5777 1226 5832 ostendat.
1279 5773 1412 5829 Nam
1466 5773 1608 5844 quod
1655 5772 1810 5830 affert
1838 5787 1905 5827 ex

2014 3324 2116 3364 nus
2155 3316 2260 3374 est,
2309 3307 2586 3364 Christum
2617 3307 2689 3381 (e)
2743 3310 2796 3364 in
2843 3309 3046 3379 Spiritu
3095 3311 3260 3365 Deum
3291 3327 3481 3377 nosse;
3528 3310 3604 3366 ita

2012 3449 2110 3504 lib.
2144 3449 2323 3526 ιη’-ἀί)Δ
2349 3450 2500 3526 Trin.
2533 3467 2593 3526 n._
2619 3450 2726 3507 5‘2:
2762 3451 2938 3526 Super
2963 3451 3094 3505 hanc
3133 3453 3467 3526 confessionis
3511 3473 3603 3526 pe-

2011 3530 2184 3594 ιναηιΔ
2197 3518 2429 3594 Ecclesia
2467 3523 2681 3594 fundata
2718 3533 2812 3594 est,
2843 3518 2943 3576 'ibi
2991 3533 3196 3594 petram
3232 3518 3384 3579 Petri
3411 3518 3595 3593 fidem,

2011 3606 2118 3645 non
2147 3590 2444 3662 Christum,
2467 3590 2774 3662 nuncupari
2803 3590 3007 3647 clarum
3037 3603 3121 3648 est
3148 3609 3211 3649 ex
3247 3596 3402 3650 initio
3445 3590 3594 3653 num.

2010 3663 2081 3734 2ξὸ
2107 3680 2119 3714 :
2154 3661 2281 3715 Htec
2311 3664 2460 3730 ﬁdes,
2491 3661 2739 3718 Ecclesia:
2781 3664 3170 3734 fundamentum
3199 3674 3313 3719 est:
3343 3683 3431 3732 per
3465 3667 3603 3722 hanc

2010 3732 2166 3803 ﬁdem
2195 3733 2432 3803 inﬁrmes
2475 3734 2716 3786 adversus
2761 3732 2871 3803 eam
2917 3743 3033 3786 sunt
3078 3743 3238 3802 porta:
3266 3735 3597 3803 inferorum:

2009 3799 2118 3874 haec
2167 3799 2294 3874 fides
2324 3804 2468 3874 regni
2496 3805 2737 3874 caelorum
2763 3801 2912 3874 habet
2949 3799 3132 3870 claves,
3160 3811 3286 3874 etc.
3326 3799 3513 3858 'lmmo
3542 3807 3597 3861 in

2005 3872 2197 3925 eodem
2229 3871 2321 3925 illo
2353 3871 2488 3927 lt'bro
2517 3889 2589 3934 vt,
2623 3873 2816 3926 Petrus
2848 3873 2918 3924 ob
2966 3887 3116 3926 suam
3149 3871 3306 3926 fidem
3337 3875 3593 3928 Ecclesiae

2008 3941 2410 3996 fundamentum
2437 3956 2558 3996 esse
2586 3942 2935 4010 significatur.
2968 3941 3106 4008 Quid
3135 3942 3278 3996 enim
3311 3945 3455 3998 aliud
3485 3945 3590 3998 sibi

2005 4014 2118 4065 vult
2151 4012 2301 4074 illud,
2334 4028 2388 4066 n.
2423 4012 2490 4065 16
2518 4029 2530 4064 :
2564 4011 2691 4065 Post
2718 4014 3025 4065 sacramenti
3055 4015 3418 4080 confessionem
3468 4015 3592 4068 bea-

2004 4093 2092 4135 tus
2136 4081 2319 4136 Simon
2365 4083 2695 4151 a’dificationi
2743 4083 2966 4135 ecclesia:
3008 4083 3294 4151 subjacens,
3340 4095 3386 4138 et
3432 4087 3597 4140 claves

2004 4152 2148 4221 regni
2197 4153 2408 4207 caelestis
2459 4153 2750 4220 accipiens?
2774 4151 3013 4219 Namque
3039 4154 3374 4208 :edillcationi
3408 4155 3594 4209 Eccle-

2005 4225 2100 4294 sia;
2128 4236 2231 4294 qua
2257 4223 2486 4289 ratione,
2518 4238 2722 4294 quaeso,
2753 4224 2854 4277 nisi
2899 4231 2954 4294 ut
3000 4222 3427 4294 fundamentum,
3460 4227 3591 4280 sub-

2005 4293 2182 4365 jacet?
2211 4293 2551 4365 Demumrqui
2585 4293 2771 4360 verba,
2807 4310 2860 4346 n.
2895 4293 3354 4365 5,5,7expenderit,
3403 4311 3593 4365 quam-

2007 4365 2130 4436 dam
2164 4364 2216 4416 in
2249 4364 2547 4436 apostolatu
2579 4379 2645 4436 ac,
2671 4363 2973 4436 sacerdotio
3003 4364 3145 4436 Petri
3177 4363 3590 4436 praerogativam

2009 4435 2079 4489 ibi
2105 4435 2473 4488 commendari
2504 4450 2609 4488 non
2637 4434 2979 4490 inficiabitnr.
3019 4435 3199 4500 Neque
3239 4434 3383 4490 aliud
3414 4447 3589 4502 sonat,

2007 4504 2149 4575 quod
2181 4505 2232 4558 in
2263 4504 2365 4558 hoc
2394 4505 2510 4570 ipso
2565 4507 2977 4568 couunentario,
3009 4521 3059 4560 c.
3105 4503 3193 4572 14,
3220 4522 3272 4559 n.
3307 4508 3396 4568 17.
3431 4508 3592 4562 toties

2009 4576 2268 4644 primatus
2295 4575 2464 4645 ipsius
2511 4575 2834 4630 celebratur.
2866 4577 3070 4644 Quibus
3099 4577 3150 4630 in
3193 4575 3326 4630 locis
3356 4576 3592 4632 Hilarius

2008 4645 2176 4701 Leoni
2224 4655 2409 4714 aperte
2459 4647 2697 4713 przclusit
2740 4647 2951 4700 docenti
2999 4647 3154 4714 epist.
3192 4661 3248 4708 v,
3287 4661 3335 4699 c.
3369 4646 3425 4709 2,
3457 4648 3589 4701 edit.

2008 4716 2264 4782 Quesnel.
2294 4734 2313 4786 :7
2342 4715 2594 4770 Dominus
2640 4717 2934 4786 apostolica:
2991 4716 3256 4786 dignitatis
3301 4717 3590 4770 beatissimo

2009 4786 2239 4858 apostolo
2289 4785 2444 4840 Petro
2494 4785 2788 4858 primatum,
2845 4787 2964 4855 ﬁdei
3007 4801 3114 4858 sua!
3161 4789 3590 4858 remuneratione,

2011 4856 2282 4922 commisit,
2313 4857 2649 4910 uniuersalem
2673 4857 2953 4928 Ecclesium
2985 4857 3038 4910 in
3070 4856 3386 4928 fundamenti
3429 4859 3594 4928 ipsius

2010 4929 2266 4982 soliditate
2311 4930 2640 4982 constituens.
2685 4927 2812 4981 Haec
2858 4928 2996 4982 dicta
3037 4927 3145 4981 sint
3191 4942 3258 4982 ex
3306 4927 3592 4982 occasione

2011 4998 2256 5062 Sculteti,
2287 4999 2441 5068 cujus
2467 4998 2611 5052 falsae
2641 4997 3009 5066 intelligentiae
3063 4997 3206 5052 ultro
3228 4999 3589 5068 pepercisse-

2002 5085 2143 5133 mus,
2174 5069 2275 5124 nisi
2307 5067 2589 5124 manifeste
2615 5071 2935 5124 accessisset
2961 5078 3013 5124 et
3043 5069 3184 5122 mala
3214 5067 3369 5123 fides.
3556 5123 3569 5135 ,

2077 5139 2150 5210 (ε)
2205 5139 2257 5194 Id
2306 5149 2412 5210 est,
2460 5138 2762 5210 divinitatis
2811 5157 2827 5194 :
2881 5155 2983 5210 qua
3055 5138 3404 5208 intelligentia
3462 5154 3588 5195 mox

2001 5208 2266 5281 scientium
2290 5211 2344 5262 in
2370 5208 2574 5281 Spiritu
2613 5208 2912 5274 Christum,
2935 5209 2988 5265 id
3017 5220 3121 5275 est,
3152 5210 3436 5265 scientium
3463 5225 3587 5266 eum

2002 5293 2124 5335 esse
2141 5280 2202 5349 in
2232 5279 2423 5332 natura
2449 5279 2649 5349 divina,
2843 5343 2850 5349 ι

2076 5348 2156 5422 (d)
2187 5349 2556 5422 Michaelinusi
2587 5348 2914 5422 cedex,gnon
2944 5351 3050 5422 erit
3088 5349 3178 5403 tibi
3214 5351 3353 5403 istud
3393 5367 3412 5405 :
3458 5365 3588 5406 con-

2003 5420 2360 5490 sentientibus
2402 5421 2591 5490 graecis
2615 5434 2677 5473 ac
2708 5420 2888 5490 latinis
2935 5421 3225 5490 Scriptura;
3253 5422 3584 5490 exemplari-

2005 5490 2124 5564 bus.
2150 5489 2293 5564 hil).
2330 5503 2383 5542 γι
2430 5489 2500 5542 de
2545 5489 2694 5564 Trin.
2726 5505 2798 5564 n.g
2823 5488 2912 5552 54,
2962 5488 3141 5559 legere
3167 5500 3272 5558 est,
3323 5488 3590 5564 Propitius

2003 5560 2114 5625 tibi,
2139 5556 2376 5623 Domine,
2405 5575 2506 5613 non
2534 5560 2625 5612 erit
2660 5562 2820 5614 istud.

2081 5629 2156 5701 (e)
2180 5630 2286 5684 Sex
2303 5643 2446 5701 mss.
2479 5629 2535 5681 in
2556 5631 2744 5700 spiritu
2770 5630 2862 5683 Dei
2883 5647 3051 5701 nosse,
3099 5632 3279 5686 minus
3297 5636 3584 5701 concinne,

2007 5700 2102 5775 sed
2130 5714 2236 5775 non
2265 5700 2374 5775 alio
2402 5714 2599 5775 sensu;
2627 5716 2756 5775 cun}
2794 5701 2862 5775 in,
2877 5700 3080 5771 Spiritu
3100 5701 3198 5758 Dei
3219 5720 3328 5759 esse
3369 5700 3592 5775 perinde

2011 5771 2214 5826 Hilario
2239 5771 2309 5826 sit
2332 5785 2394 5824 ac
2416 5772 2470 5824 in
2500 5770 2688 5825 deitate
2721 5770 2892 5826 Patris
2919 5770 3047 5826 esse.
