4222 6262
568 305 708 366 10ιῦ

1757 303 2002 364 SANCTI
2038 303 2293 362 HILARII
2330 303 2634 362 EPISCOPI

3712 302 3861 361 lOlﬁ

568 426 803 487 elevavit
842 445 856 484 :
897 427 979 501 (a)
1018 435 1074 482 et
1111 426 1283 480 solum
1323 430 1682 490 contuentur,
1723 437 1884 493 quem
1923 421 2158 479 medium
2183 421 2239 484 Α
2263 421 2368 478 ﬁde
2423 431 2690 492 tamquam
2747 420 2826 494 (ά)
2885 422 3110 476 Domino
3160 420 3385 476 absente
3440 419 3791 476 decesserint.

564 524 876 582 constitisse
914 521 1055 575 inter
1078 518 1299 590 Moysen
1326 525 1380 572 et
1404 517 1574 572 Eliam
1601 515 1868 570 viderant.
1894 513 1972 568 Ad
1995 513 2158 568 futuri

564 618 712 675 enim
738 615 989 680 formam,
1020 620 1180 682 atque
1207 612 1273 666 ad
1304 610 1430 666 facti
1459 609 1620 665 ﬁdem
1646 650 1661 675 ,
1693 599 1905 680 Moyses
1930 617 1982 662 et
2013 607 2157 662 Elias

563 709 624 764 in
651 714 836 761 monte
856 705 1232 760 constiterant.
1261 702 1543 757 Silentium
1572 700 1718 755 enim
1756 713 1938 754 rerum
1979 707 2157 768 gesta-

563 815 685 857 rum
720 813 854 869 quas
888 797 1139 852 viderant
1187 796 1452 864 imperat,
1490 792 1664 848 donec
1704 807 1826 847 cum
1871 805 1903 845 a
1931 791 2157 846 mortuis

562 898 872 962 resurgeret
898 887 951 959 (1
958 888 1087 952 bid.,
1107 885 1196 958 9);
1223 885 1349 959 (hoc
1375 884 1450 956 (b)
1468 884 1610 939 enim
1633 883 1755 940 ﬁdei
1770 883 2049 952 praemium
2072 896 2159 938 re-

563 981 880 1038 servabatur
901 1021 916 1046 ,
943 986 1004 1033 ut
1034 977 1206 1033 honor
1235 976 1549 1032 redderetur
1588 975 1656 1030 iis
1677 1016 1692 1040 ,
1721 974 1863 1044 apud
1884 988 2020 1044 quos
2049 989 2158 1028 non

562 1073 700 1128 levis
729 1071 843 1126 sola
875 1079 1275 1141 praeceptorum
1317 1066 1615 1122 auctoritas
1655 1063 2044 1135 reperiretur);
2076 1063 2158 1118 in-

560 1165 750 1219 ﬁrmos
775 1162 918 1218 enim
949 1159 1021 1234 (c)
1061 1167 1309 1216 senserat
1350 1158 1417 1212 ad
1449 1157 1597 1213 vocis
1634 1156 1872 1211 auditum
1903 1173 1916 1208 :
1950 1164 2008 1210 ut
2035 1171 2158 1210 cum

564 1264 751 1310 essent
778 1253 981 1322 Spiritu
1010 1259 1196 1307 sancto
1222 1244 1438 1320 repleti,
1470 1257 1596 1304 tunc
1632 1256 1910 1320 gestorum
1939 1246 2157 1317 spirita-

561 1347 694 1402 lium
726 1355 892 1402 testes
922 1353 1121 1400 essent.

633 1440 689 1493 4.
736 1437 966 1495 Solliciti
1011 1438 1172 1491 etiam
1213 1435 1282 1491 de
1319 1434 1656 1506 temporibus
1695 1433 1824 1487 Elite
1876 1431 2160 1502 requirunt

566 1531 760 1603 (Ibid.,
791 1528 906 1600 10).
947 1528 1151 1596 Quibus
1179 1526 1475 1597 respondet
1503 1526 1674 1581 Eliam
1701 1539 1823 1579 esse
1837 1532 2120 1578 venturum
2142 1562 2157 1587 ,

562 1633 620 1681 et
667 1623 956 1680 restituere
983 1624 1236 1677 universa
1268 1620 1456 1692 (Ibid.,
1500 1619 1611 1690 ll),
1644 1619 1695 1672 id
1725 1629 1810 1673 est
1849 1617 2115 1686 reliquum
2142 1657 2157 1682 ,

561 1714 706 1785 quod
730 1713 1154 1783 deprehenderit
1171 1727 1236 1767 ex
1258 1711 1445 1778 Israel,
1473 1713 1540 1765 ad
1568 1710 1927 1780 cognitionem
1953 1709 2049 1765 Dei
2073 1724 2160 1764 re-

2329 515 2382 568 7.
2421 512 2675 568 Diabolus
2704 514 2759 566 in
2798 513 3112 583 profundum
3138 512 3328 583 inferni
3354 528 3387 565 a
3420 511 3602 581 quibus
3635 513 3848 584 ejicien-

2258 606 2375 660 dus.
2404 635 2476 645 —
2512 605 2753 675 Denique
2779 605 3150 675 quaerentibus
3187 618 3219 656 a
3247 618 3306 658 se
3333 645 3348 669 ,
3381 617 3480 658 cur
3524 602 3848 658 daemonium

2258 697 2455 766 ejicere
2485 711 2592 751 non
2639 696 2982 766 potuissent,
3033 694 3354 764 respondit,
3387 693 3456 748 de
3495 693 3676 762 inopia
3726 693 3853 748 ﬁdei

2259 789 2507 845 eﬁ'ectum
2535 802 2655 843 esse
2679 802 2745 843 ne
2772 797 2994 857 possent
3023 786 3211 859 (lbid.,
3246 787 3312 841 18
3336 796 3384 841 et
3415 785 3506 856 19)
3530 804 3543 838 :
3572 800 3695 855 qua:
3723 786 3769 837 si
3800 784 3856 838 in

2258 880 2365 936 illis
2392 890 2661 950 tamquam
2699 895 2925 949 granum
2951 880 3155 949 sinapis
3183 888 3328 934 esset
3352 921 3367 945 ,
3398 878 3568 933 monti
3596 878 3724 931 huic
3747 919 3764 944 ,
3797 887 3857 931 ut

2259 986 2290 1026 a
2314 972 2430 1027 foco
2473 971 2527 1026 in
2568 971 2746 1026 locum
2779 971 3070 1036 transiret,
3101 986 3222 1026 cum
3269 969 3534 1025 efficiendi
3581 978 3858 1039 potestate

2259 1064 2637 1132 praeciperent.
2668 1063 2776 1119 Sed
2807 1063 2918 1132 jam
2944 1063 3010 1118 de
3040 1072 3225 1119 monte
3248 1062 3593 1127 decesserat,
3626 1072 3682 1118 et
3711 1062 3860 1118 inter

2260 1154 2448 1209 turbas
2476 1155 2592 1209 haec
2632 1153 2972 1224 loquebatur.
3008 1155 3193 1225 itaque
3217 1166 3270 1210 et
3299 1170 3361 1210 se
3380 1170 3605 1223 granum
3647 1154 3860 1224 sinapis

2260 1247 2588 1318 nuncupavit
2615 1247 2856 1302 omnium
2888 1247 3195 1312 minimum,
3227 1256 3283 1301 et
3307 1246 3579 1301 diabolum
3607 1255 3856 1302 montem

2260 1340 2662 1412 cognominavit
2694 1357 2706 1392 :
2736 1338 2861 1409 quia
2897 1340 2950 1393 in
2995 1340 3090 1394 illo
3130 1339 3402 1410 spiritales
3429 1338 3685 1407 nequitiae
3727 1348 3857 1393 sunt

2261 1432 2616 1502 cmlestesque
2638 1431 2866 1486 virtutes
2887 1445 2984 1500 per
3016 1445 3111 1486 eos
3145 1431 3216 1503 (e)
3244 1430 3548 1500 ejiciendae,
3577 1441 3633 1484 et
3652 1429 3708 1484 in
3734 1430 3864 1484 alti-

2264 1523 2502 1578 tudinem
2534 1523 2697 1578 maris
2727 1531 2997 1592 tamquam
3034 1518 3088 1576 in
3131 1519 3455 1590 profundum
3498 1520 3692 1575 inferni
3718 1521 3864 1590 abji-

2263 1616 2468 1672 cienda:
2491 1657 2505 1682 ,
2537 1631 2673 1687 quos
2717 1616 2772 1670 in
2801 1614 2943 1671 hanc
2972 1613 3267 1671 efﬁcaciam
3289 1614 3550 1684 jejunium
3589 1621 3640 1670 et
3683 1615 3863 1670 oratio

2266 1722 2677 1781 prosequentur.

563 1815 901 1862 vocaturum.
936 1805 1042 1861 Sed
1085 1806 1139 1858 in
1169 1807 1368 1859 virtute
1399 1819 1462 1859 ac
1491 1803 1680 1872 spiritu
1709 1804 1841 1858 Eliae
1871 1801 2037 1876 754
2059 1802 2156 1858 Jo-
2187 1807 2235 1866 B
2338 1802 2388 1857 8.
2417 1801 2780 1872 Apostolorum
2810 1802 3016 1856 nomine
3047 1799 3304 1855 Phariswi
3331 1810 3376 1855 et
3408 1801 3605 1856 Scriba:
3631 1809 3862 1857 tractan-

563 1895 799 1950 hannem
827 1894 1044 1950 venisse
1071 1893 1360 1964 _signiﬁcat
1385 1935 1398 1957 ,
1437 1893 1494 1948 in
1533 1907 1639 1962 quo
1677 1893 1754 1963 (in
1779 1892 1950 1964 quem)
1975 1895 2157 1964 gravia

562 2002 789 2058 quaeque
809 1996 972 2056 atque
999 2001 1190 2056 aspera
1213 1985 1586 2042 exercuissent
1613 2004 1626 2039 :
1652 1995 1710 2040 ut
1730 1987 1941 2040 Domini
1961 1987 2161 2042 adven-

561 2088 676 2134 tum
709 2080 1100 2148 prtenuntians,
1135 2077 1441 2147 passionem
1472 2091 1688 2148 quoque
1717 2088 2078 2148 praecurreret
2105 2088 2161 2135 et

565 2171 776 2242 injuriae
810 2179 866 2226 et
894 2170 1196 2226 vexationis
1223 2171 1491 2240 exemplo.

634 2264 690 2320 5.
718 2263 788 2318 Et
812 2280 929 2319 cum
949 2264 1166 2317 venisset
1191 2263 1260 2316 ad
1283 2262 1507 2328 turbam,
1530 2264 1743 2317 accessit
1771 2263 1839 2316 ad
1865 2279 1982 2318 eum
2010 2263 2160 2317 homo

564 2356 776 2424 genibus
816 2357 1118 2427 provolutus
1141 2395 1157 2419 ,
1197 2355 1370 2410 dicens
1414 2352 1678 2410 :Damine
1703 2395 1718 2421 ,
1767 2356 2005 2409 miserere
2051 2355 2160 2424 ﬁlio

564 2445 886 2519 meo(1bid.,
918 2445 1032 2518 14).
1068 2446 1307 2502 Reverso
1332 2446 1399 2501 ad
1429 2445 1613 2501 turbas
1646 2447 1874 2502 Domino
1898 2489 1912 2512 ,
1945 2463 1974 2500 a
2007 2457 2161 2518 patre

563 2538 794 2609 genibus
815 2538 1071 2593 advoluto
1098 2553 1230 2607 puer
1250 2537 1476 2593 oﬂ'ertur
1494 2537 1880 2603 dzemoniacus,
1905 2538 2161 2608 frequen-

561 2640 647 2687 ter
670 2640 725 2687 et
746 2632 798 2686 in
825 2647 1020 2702 aquam
1045 2631 1302 2687 decidens
1327 2639 1381 2686 et
1407 2631 1461 2685 in
1489 2632 1689 2702 ignem,
1713 2632 1799 2685 cui
1825 2632 2158 2686 curationem

563 2722 759 2793 afferre
785 2723 1038 2794 discipuli
1065 2737 1176 2778 non
1199 2722 1492 2792 potuerint.
1516 2721 1825 2793 Objurgatis
1853 2721 1956 2788 his,
1979 2731 2034 2777 et
2061 2722 2161 2776 in-

565 2821 786 2884 crepato
818 2813 1088 2879 daemone,
1118 2828 1283 2868 sanus
1311 2824 1442 2883 puer
1471 2813 1644 2868 factus
1667 2822 1770 2868 est.

633 2904 685 2959 6.
714 2905 1081 2976 Apostolorum
1104 2903 1232 2973 ﬁdes
1261 2904 1484 2975 primum
1513 2904 1834 2975 imperfecta.
1859 2932 1929 2944 -—
1957 2901 2162 2958 Credi-

560 2998 756 3054 derant
780 2996 997 3067 quidem
1027 2995 1272 3067 Apostoli
1305 3013 1318 3048 :
1355 2994 1591 3049 nondum
1639 3005 1817 3050 tamen
1848 3005 2004 3050 erant
2031 3011 2160 3065 per-

561 3089 718 3146 fectte
741 3090 888 3146 fidei.
916 3089 1060 3144 Nam
1079 3088 1309 3143 Domino
1333 3088 1387 3143 in
1419 3095 1602 3144 monte
1629 3088 1964 3156 demorante,
1995 3098 2051 3144 et
2079 3089 2162 3160 ip-

2265 1901 2367 1947 tur.
2393 1921 2465 1932 ——-
2488 1892 2815 1948 Tenebimus
2857 1907 3072 1962 quoque
3112 1893 3273 1948 etiam
3315 1909 3438 1947 cum
3480 1894 3716 1949 ordinem
3744 1935 3759 1958 ,
3791 1903 3855 1949 ut

2263 1991 2365 2045 sub
2389 1990 2775 2060 discipulorum
2807 1990 3028 2046 nomine
3049 2031 3064 2056 ,
3107 1989 3508 2044 Pharisaeorum
3540 1999 3593 2044 et
3632 1989 3853 2044 Scriba-

2261 2097 2380 2137 rum
2411 2097 2642 2152 persona
2673 2089 2952 2137 tractetur.
2981 2081 3188 2150 Quibus
3229 2082 3317 2136 lex
3347 2081 3642 2136 curandum
3667 2091 3726 2136 ut
3743 2082 3859 2137 dis-

2261 2173 2457 2244 cipulis
2484 2173 2765 2243 populum,
2799 2183 3069 2243 tamquam
3102 2180 3254 2242 pater
3287 2172 3456 2227 ﬁlium
3484 2214 3500 2238 ,
3522 2187 3647 2227 cum
3678 2172 3868 2226 Domi-

2263 2281 2365 2321 nus
2392 2266 2645 2331 abesset,
2689 2265 2964 2320 obtulerit.
3013 2264 3116 2332 Qui
3151 2265 3386 2334 peccatis
3409 2265 3822 2320 dominantibus
3845 2308 3861 2333 ,

2265 2373 2406 2414 nunc
2434 2359 2486 2413 in
2515 2358 2692 2430 ignem
2718 2357 2906 2426 judicii
2931 2356 3232 2423 decidebat,
3248 2371 3392 2411 nunc
3421 2358 3475 2411 in
3497 2371 3690 2426 aquam
3713 2357 3864 2412 diur-

2264 2464 2452 2504 narum
2503 2449 2571 2523 (f)
2611 2448 2848 2504 sordium
2896 2463 3114 2504 suarum
3163 2447 3552 2503 consuetudine
3582 2449 3864 2518 mergeba-

2265 2549 2371 2596 tur.
2422 2540 2487 2595 Hi
2530 2541 2693 2611 igitur
2742 2539 2878 2594 nihil
2934 2540 3056 2608 opis
3096 2540 3394 2594 attulerunt
3439 2558 3454 2593 :
3498 2539 3621 2610 quia
3671 2539 3865 2595 demo-

2263 2642 2416 2688 rante
2461 2633 2536 2704 (g)
2570 2632 2752 2702 Moyse
2780 2647 2904 2687 cum
2940 2631 3170 2687 Domino
3197 2633 3250 2686 in
3290 2640 3475 2687 monte
3499 2673 3514 2698 ,
3555 2631 3738 2688 effecti
3785 2631 3867 2705 (li)

2264 2724 2478 2780 fuerant
2507 2723 2777 2778 inﬁdeles.
2804 2722 2873 2778 Et
2901 2731 2959 2778 ut
2985 2724 3162 2794 typica
3191 2723 3331 2778 ratio
3361 2723 3683 2793 impleretur
3706 2764 3722 2791 ,
3753 2723 3866 2778 dis-

2263 2816 2428 2886 cipuli
2464 2817 2726 2870 mirantur
2769 2830 2829 2870 se
2855 2814 3055 2884 ejicere
3082 2814 3384 2870 daemonem
3430 2827 3540 2868 non
3571 2814 3815 2883 potuisse
3845 2831 3861 2868 :

2265 2907 2426 2980 755
2451 2921 2570 2961 cum
2598 2906 2776 2961 omnis
2813 2914 3054 2976 potestas
3091 2922 3198 2960 non
3236 2905 3413 2961 solum
3443 2903 3755 2960 daemonum
3783 2904 3869 2960 fu-

2262 3001 2560 3072 gandorum
2585 3040 2601 3065 ,
2633 3015 2819 3055 verum
2861 2999 3023 3054 etiam
3071 3007 3406 3054 mortuorum
3450 2999 3865 3055 excitandorum

2264 3100 2409 3147 esset
2434 3091 2656 3146 indulta.
2678 3090 2817 3158 Quia
2842 3106 2972 3145 vero
2998 3091 3136 3145 ultra
3163 3105 3286 3146 cum
3314 3089 3400 3146 his
3431 3091 3518 3146 lex
3545 3090 3724 3146 futura
3751 3108 3862 3148 non

560 3183 640 3238 sis
689 3198 812 3238 cum
854 3182 1008 3237 turba
1049 3181 1410 3237 residentibus
1433 3221 1450 3247 ,
1502 3180 1721 3251 quidam
1773 3193 1928 3252 tepor
1968 3196 2155 3236 eorum
2185 3183 2230 3246 C
2263 3193 2444 3252 esset,
2477 3184 2874 3254 aitzgeneratio
2901 3183 3211 3238 incredibilis
3234 3194 3280 3238 et
3310 3200 3542 3256 perversa
3595 3185 3864 3258 (nonuti-

563 3274 729 3329 ﬁdem
789 3274 1163 3338 relaxaverat;
1206 3283 1368 3343 atque
1429 3272 1633 3328 idcirco
1687 3274 1763 3327 ait
1807 3291 1819 3326 :
1888 3272 2155 3328 Generatio

563 3362 757 3435 (Ibid.,
779 3364 870 3435 16)
905 3363 1219 3418 incredibilis
1266 3372 1312 3417 et
1341 3379 1578 3432 perversa
1599 3405 1615 3430 ,
1651 3380 1912 3435 quousque
1949 3382 2034 3420 ero
2071 3381 2160 3420 vo-

564 3455 761 3509 biscum
789 3456 808 3524 (
835 3453 897 3508 V.
932 3455 970 3508 l.
1000 3469 1053 3508 νι
1077 3455 1140 3507 de
1173 3453 1348 3520 Trin.,
1379 3471 1435 3508 η.
1481 3454 1614 3523 25)?
1642 3456 1786 3523 quia,
1809 3456 2033 3511 absente
2071 3471 2160 3522 se,

561 3545 802 3614 antiquae
842 3543 1175 3598 inﬁdelitatis
1213 3544 1552 3599 consuetudo
1581 3544 1949 3614 subrepserat.
1991 3546 2159 3602 Docet

563 3636 767 3706 igitur,
807 3650 902 3691 eos
944 3634 1077 3690 nihil
1123 3635 1311 3691 salutis
1354 3634 1549 3691 afferre
1595 3649 1791 3705 posse,
1841 3639 1932 3707 qui
1979 3639 2159 3695 medio

562 3728 984 3798 Evangeliorum
1033 3736 1090 3783 et
1129 3728 1314 3783 iterati
1359 3727 1625 3783 adventus
1667 3729 1747 3783 sui
1794 3738 2078 3800 tempore,
2127 3747 2157 3785 a

632 3841 707 3913 (a)
730 3841 806 3896 Ita
829 3841 1068 3897 melioris
1098 3847 1240 3896 notae
1267 3853 1396 3900 mss.
1431 3841 1535 3895 Alii
1573 3856 1698 3896 cum
1726 3843 1964 3910 excusis,
1994 3854 2050 3898 ut
2073 3860 2155 3901 so-

560 3913 668 3967 lum
692 3922 1068 3966 contueremur.

630 3983 703 4056 (b)
727 3984 992 4056 Particula
1020 3982 1274 4056 enim__aut
1300 3981 1534 4056 refertur
1578 3981 1647 4036 ad
1691 3983 1952 4056 silentium
1991 3985 2154 4056 impe-

556 4052 849 4123 rataquod
889 4054 1104 4123 factum,
1130 4052 1273 4106 dicat
1318 4052 1574 4116 Hilarius,
1613 4063 1671 4106 ut
1700 4052 1823 4108 ﬁdei
1870 4057 2021 4108 locus
2058 4052 2154 4110 da-

557 4122 736 4192 retur,
763 4133 818 4178 et
846 4124 1020 4193 major
1058 4122 1228 4192 gloria
1260 4123 1578 4194 redderetur
1606 4123 1692 4188 iis,
1733 4125 1872 4193 apud
1904 4140 2040 4194 quos
2065 4142 2154 4180 sa-

560 4194 629 4248 tis
658 4196 834 4265 gravis
871 4210 968 4264 per
1007 4207 1074 4265 se
1125 4193 1456 4265 reperiretur
1495 4205 1883 4265 praeceptorum
1918 4193 2152 4250 auctori-

556 4262 774 4330 tas,'ut,
805 4262 1052 4334 exemplo
1079 4262 1571 4334 transﬁgurationis
1602 4265 1820 4318 minime
1851 4267 2148 4334 proposito,

560 4335 630 4388 ad
653 4331 981 4389 credendum
1025 4331 1445 4386 inducerentur;
1487 4341 1580 4386 aut
1617 4331 2030 4402 respicit'verba
2059 4331 2153 4389 do;

556 4420 650 4457 nec
671 4421 784 4457 cum
829 4421 861 4456 a
885 4403 1098 4457 mortuis
1123 4412 1445 4472 resurgeret:
1472 4413 1530 4456 ut
1559 4402 1814 4472 deinceps
1859 4420 2039 4460 sermo
2079 4407 2153 4462 sit

559 4474 630 4528 de
659 4475 936 4544 apostolis,
966 4474 1170 4539 majore
1191 4472 1506 4544 reverentia
1538 4480 1650 4526 tum
1690 4475 1992 4539 audiendis,
2026 4491 2148 4531 cum

2260 3292 2364 3347 que
2389 3275 2457 3330 ad
2499 3290 2594 3330 eos
2622 3290 2758 3345 quos
2786 3274 3220 3330 sanctificaverat
3238 3315 3254 3340 ,
3283 3275 3496 3331 videtur
3519 3276 3637 3331 hate
3660 3277 3861 3349 loqui),

2259 3385 2357 3438 quo
2396 3384 2574 3439 usque,
2602 3368 2795 3438 inquit,
2826 3383 2909 3422 ero
2938 3367 3236 3423 vobiscum?
3277 3369 3414 3437 Quia
3446 3368 3603 3426 ﬁdem
3627 3384 3732 3426 non
3764 3376 3863 3426 ha-

2261 3458 2473 3523 bentes,
2508 3459 2678 3527 ipsam
2705 3457 2874 3525 illam,
2902 3474 3062 3528 quam
3087 3458 3393 3526 habebant,
3417 3461 3663 3516 amissuri
3691 3469 3853 3516 erant

2262 3550 2458 3620 legem.
2483 3550 2654 3618 Quam
2679 3550 2837 3606 ﬁdem
2865 3552 2912 3606 si
2944 3552 2995 3606 in
3027 3565 3086 3607 se
3116 3552 3455 3620 habuissent,
3485 3551 3605 3624 quia
3629 3553 3743 3625 ipse
3765 3570 3858 3612 esr.

2261 3657 2488 3712 granum
2517 3643 2746 3712 sinapis,
2777 3645 2928 3700 verbi
2959 3644 3163 3700 virtute
3191 3645 3294 3699 hoc
3320 3654 3660 3716 peccatorum
3689 3661 3859 3715 onus,

2263 3741 2318 3788 et
2344 3748 2562 3804 gravem
2603 3734 2937 3790 inﬁdelitatis
2965 3735 3183 3800 molem,
3213 3736 3281 3791 ab
3310 3751 3378 3791 eo
3401 3738 3493 3808 qui
3531 3735 3866 3794 offerebatur

2262 3849 2386 3917 quia
2413 3866 2468 3903 se
2495 3859 2674 3903 contra
2699 3848 2867 3904 Deum
2897 3851 3127 3906 exaltans
3155 3861 3308 3920 atque
3324 3851 3562 3920 efferens.
3591 3855 3668 3909 uti
3695 3869 3859 3912 enar-

2262 3929 2415 3972 ratur
2444 3922 2495 3973 in
2527 3922 2664 3988 psal.
2699 3937 2852 3986 thv,
2886 3937 2942 3975 n.
2975 3922 3031 3978 9.

2338 3989 2404 4058 (f)
2437 3990 2600 4056 Editi,
2629 3992 2969 4046 diutinarum.
3005 3993 3075 4048 At
3101 4008 3232 4048 mss.
3263 3994 3567 4049 diurnorum
3587 4013 3607 4049 :
3629 3998 3777 4064 quod
3806 4008 3863 4054 et.

2261 4074 2383 4134 cum
2413 4076 2567 4134 aqua:
2608 4065 3008 4130 comparatione
3039 4064 3250 4119 videtur
3296 4066 3464 4134 magis
3507 4082 3812 4134 congruere
3841 4088 3853 4122 :

2261 4129 2385 4210 quia
2416 4129 2555 4186 sicut
2581 4129 2931 4210 aquaeaquis,
2970 4136 3040 4188 ita
3067 4135 3276 4189 diurnae
3303 4129 3492 4210 sordes
3515 4129 3735 4210 semper
3754 4140 3858 4195 sibi

2261 4203 2490 4260 invicem
2517 4203 2836 4257 succedunt.
2870 4205 3098 4278 Diurnas
3121 4213 3300 4278 autem
3324 4207 3512 4262 sordes
3549 4203 3857 4278 intelligere

2261 4284 2569 4345 possumus,
2597 4288 2728 4342 quas
2754 4289 2822 4328 ex
2853 4277 3033 4329 Steculi
3065 4287 3121 4330 et
3152 4276 3330 4330 carnis
3360 4279 3614 4345 operibus
3638 4276 3858 4334 contra-

2260 4341 2457 4395 himus.
2489 4344 2560 4396 Ea
2598 4341 2710 4410 ipsa
2747 4359 2909 4412 Opera
2955 4347 3116 4400 aliam
3161 4347 3231 4399 ob
3275 4341 3495 4401 causam
3541 4347 3859 4406 ﬂuminibus

2258 4422 2638 4484 comparantur
2668 4415 2718 4466 in
2749 4413 2838 4468 Ps.
2867 4430 3090 4480 cxxxvr,
3132 4433 3186 4470 n.
3219 4416 3274 4481 6,
3305 4417 3431 4484 quia
3473 4419 3636 4474 videi.
3679 4423 3858 4475 omnia

2257 4482 2435 4535 saeculi
2464 4492 2512 4537 et
2531 4500 2805 4560 corporum
2832 4501 3010 4560 opera,
3041 4488 3192 4541 modo
3218 4482 3512 4557 ﬂuminum,
3539 4494 3651 4544 sine
3679 4491 3860 4560 aliqua

557 4542 707 4613 apud
730 4559 826 4627 eos
849 4552 1240 4627 praeceptorum
1268 4542 1561 4627 auctoritas
1588 4559 1694 4596 non
1719 4545 1866 4627 _nuda
1893 4587 1907 4610 ,
1940 4546 2036 4600 sed
2065 4563 2152 4603 re-
2175 4559 2231 4623 D
2257 4556 2541 4627 cur_sus_sui
2562 4542 2778 4608 ειὰιίοηε
2802 4542 3152 4627 superfluunt.

557 4615 910 4670 surrectionis
933 4614 1180 4682 exemplo
1209 4615 1526 4667 confirmata
1556 4615 1907 4684 reperiretur.

632 4703 707 4774 (ε)
762 4705 918 4769 Bad.,
967 4703 1086 4771 Er.,
1144 4702 1291 4772 Lips.
1343 4717 1406 4758 ac
1449 4703 1632 4773 plures
1681 4720 1809 4759 mss.
1859 4718 2146 4762 sanaverat.

555 4773 778 4830 Rectius
805 4776 1044 4844 potiores
1072 4789 1192 4829 cum
1225 4775 1344 4827 Par.
1381 4784 1607 4828 senserat
1631 4816 1645 4838 ,
1669 4777 1782 4846 hoc
1808 4788 1891 4830 est
1911 4818 1924 4841 ,
1958 4793 2020 4831 ex
2031 4795 2151 4846 per-

553 4854 643 4900 tus
673 4855 813 4900 erat.
857 4847 1124 4914 Scriptum
1152 4848 1349 4914 quippe
1371 4855 1454 4898 est
1490 4846 1528 4915 ᾖ
1549 4849 1582 4899 fi
1618 4862 1630 4898 :
1659 4844 1727 4898 Et
1754 4844 2150 4902 audientes’dts-

553 4916 716 4984 cipuli
754 4917 1042 4969 ceciderunt
1089 4916 1142 4968 in
1171 4917 1353 4984 faciem
1375 4931 1541 4980 suam,
1583 4925 1631 4968 et
1674 4917 1952 4969 timuerunt
1980 4919 2142 4971 valde.

551 4984 679 5042 Ideo
704 4985 977 5056 silentium
1009 4986 1323 5055 imperatur,
1357 4985 1534 5040 donec
1579 4986 1810 5056 Spiritus
1839 4989 2012 5042 sancti
2043 4990 2147 5044 vir-

552 5064 670 5112 tute
699 5055 950 5111 fortiores
975 5058 1224 5110 evadant.

625 5145 889 5219 (d)Apud
919 5145 1044 5219 Par,
1075 5145 1344 5219 abomino
1371 5161 1390 5199 :
1414 5145 1573 5210 male,
1619 5160 1740 5201 cum
1772 5147 1886 5219 htec
1927 5149 2150 5218 perinde

554 5216 902 5287 intelligenda
930 5217 1059 5283 sint,
1088 5232 1152 5271 ac
1181 5217 1225 5270 si
1254 5217 1486 5286 legeres,
1515 5229 1773 5288 tamquam
1798 5216 2023 5275 Domino
2059 5224 2149 5276 ab-

552 5298 711 5355 sente,
735 5305 767 5341 a
791 5288 893 5356 ﬁde
913 5288 1239 5342 decesserint.

627 5379 700 5449 (e)
749 5380 808 5434 In
855 5380 1138 5455 vulgatis,_
1175 5379 1468 5455 ejiciendus,
1528 5389 1582 5439 et
1629 5397 1757 5436 mox
1804 5384 2140 5455 objiciendus,

552 5463 727 5524 eaque
748 5452 1084 5524 superiorum
1126 5450 1487 5524 interpunctio
1516 5460 1652 5519 erat,
1683 5469 1787 5523 qua
1816 5450 2145 5524 signiﬁcare-

555 5534 644 5573 tur
667 5520 958 5588 diabolum,
991 5521 1114 5589 quia
1143 5522 1196 5574 in
1229 5521 1322 5594 illo
1359 5521 1625 5594 spiritales
1666 5520 1919 5594 nequitia}
1948 5527 2146 5582 existe-

555 5600 699 5660 rent,
732 5602 967 5660 montem
1021 5592 1391 5660 cognominari
1437 5609 1450 5645 :
1494 5607 1615 5646 cum
1649 5592 1813 5649 verba
1855 5597 1908 5649 in
1953 5596 2045 5649 illo
2074 5599 2141 5652 ad

557 5653 830 5740 Christum
861 5653 1186 5740 referantur,
1219 5661 1272 5716 in
1299 5662 1450 5740 cujus
1470 5664 1676 5740 _virtute
1703 5665 1978 5740 ejiciendze
2015 5679 2142 5724 sunt

561 5730 814 5796 nequitiae
844 5730 1134 5798 spiritales,
1161 5740 1268 5786 etc.
1299 5733 1553 5788 Diabolus
1582 5730 1759 5791 autem
1792 5738 1913 5805 ideo
1957 5747 2136 5807 mons,

2333 4621 2410 4696 (g)
2439 4622 2708 4696 Par._cum
2736 4621 2970 4693 quatuor
3009 4629 3192 4696 probae
3219 4636 3360 4683 notae
3395 4644 3522 4684 mss.
3556 4630 3857 4687 demorante

2259 4695 2518 4746 modicum
2545 4693 2803 4774 Domino:
2832 4696 2990 4774 bene,
3010 4693 3125 4751 'nisi
3157 4708 3299 4774 totus
3338 4700 3424 4774 hic
3472 4701 3623 4774 iocus
3672 4705 3854 4774 typice

2259 4774 2618 4843 exponeretur
2638 4766 2714 4843 _de
2743 4764 2944 4843 Scribis
2969 4769 3251 4843 ac_popt_tl_o
3285 4769 3437 4840 legis.
3464 4764 3854 4839 Quocirca've-

2259 4834 2510 4910 r_ior__vis_a
2537 4846 2618 4910 e_s_t
2638 4834 2798 4910 lectio
2830 4835 2986 4902 Bad.,
3023 4834 3141 4904 Er.,
3162 4838 3312 4905 Lips.
3335 4834 3388 4894 et
3410 4834 3509 4896 sei
3533 4857 3667 4896 mss.
3693 4843 3854 4910 Quod

2257 4902 2324 4956 de
2354 4903 2633 4973 discipulis
2662 4906 2860 4959 dictum
2903 4916 2989 4962 est
3035 4924 3091 4962 n.
3124 4902 3196 4974 '6,
3232 4902 3480 4974 antiqua:
3512 4902 3853 4970 inﬁdelitatis

2255 4974 2698 5050 coitsuetudinem
2718 4979 2797 5030 eis
2820 4975 3043 5050 absente
3069 4979 3293 5050 Domino
3319 4974 3677 5050 subrepsisse,
3705 5000 3854 5040 nunc

2254 5041 2486 5126 refertur
2523 5046 2759 5126 adteos,
2815 5061 2951 5126 quos
2992 5048 3174 5126 Moyse
3217 5049 3273 5104 in
3316 5041 3497 5126 monte
3527 5041 3851 5126 demorante

2253 5113 2501 5192 inﬁdeles
2530 5115 2696 5192 fuisse
2738 5113 2964 5192 legimus
2992 5113 3158 5192 Exodi
3190 5136 3358 5185 xxxn,
3389 5125 3440 5186 1,
3481 5123 3724 5192 adeoque
3755 5140 3850 5180 su-

2252 5185 2434 5266 perius
2463 5185 2762 5266 Scribarum
2777 5187 3232 5266 etPharisteorum
3263 5185 3480 5266 nomine
3507 5185 3847 5266 intelligendi

2252 5264 2388 5334 sunt
2406 5265 2644 5334 rectores
2667 5257 2873 5325 populi,
2903 5259 2970 5313 ad
2999 5274 3136 5329 quos
3164 5261 3469 5330 pertinebat
3499 5257 3759 5334 pupultim
3791 5269 3846 5322 in

2247 5323 2427 5379 ofﬁcio
2452 5323 2749 5382 continere.

2258 5463 2269 5474 _
2321 5393 2649 5478 (It)AExcu‘s.i,
2675 5395 2846 5478 e/fecti
2888 5403 3094 5470 fuerunt
3119 5402 3403 5478 inﬁdeles_:_
3420 5408 3669 5478 uttypica
3710 5410 3848 5463 ratio

2250 5466 2513 5546 impletur.
2544 5467 2797 5546 Discipuli
2825 5486 2843 5523 :
2865 5466 3054 5546 contra
3080 5466 3320 5546 mentem
3359 5466 3566 5542 Hilarii,
3609 5480 3701 5546 qui
3732 5495 3842 5535 non

2248 5537 2362 5616 vult
2389 5539 2661 5616 apostolos
2690 5537 2870 5616 luisse
2906 5541 3178 5616 inﬁdeles,
3223 5553 3282 5597 ut
3322 5537 3713 5616 mysticam-tio
3739 5550 3846 5604 im-

2247 5605 2508 5672 pleretur,
2527 5608 2634 5688 sed
2663 5610 2732 5663 ob
2760 5612 3040 5688 mysticam
3067 5605 3347 5688 rationein
3377 5605 3686 5688 inequivissc
3729 5620 3847 5675 da:-

2241 5689 2461 5801 ξιέἓιιέεέῃι
2490 5679 2711 5749 ejicere,
2741 5679 2862 5738 cum
2891 5687 3040 5754 prius
3065 5684 3187 5740 data
3214 5687 3296 5741 eis
3324 5679 3518 5745 fuisset
3544 5691 3722 5747 omnis
3742 5706 3846 5761 po-
