4222 6262
295 295 443 353 1017

1141 289 1682 348 COMMENTARIUS
1717 289 1784 346 IN
1823 289 2259 348 ΜΑΤΤΙΗΕΗΜ.
2299 289 2454 347 CAP.
2489 291 2680 348 XVIII.

3443 295 3583 353 1018

294 408 496 483 populo
518 407 822 480 ejicientes,
847 415 1119 476 tamquam
1147 404 1202 459 in
1233 419 1381 460 mare
1405 387 1644 460 montem
1667 445 1682 470 ,
1705 405 1784 459 sic
1820 404 1888 459 ad
1914 406 1968 467 Α
1991 419 2051 460 se
2075 420 2138 461 ac
2168 405 2399 461 Domino
2448 406 2665 462 otl‘erre.
2696 405 3019 462 Didrachma
3048 407 3309 465 Dominus
3339 411 3581 481 postula-

293 502 762 560 conversationem
795 498 871 572 (a)
909 499 1145 570 gentium
1176 507 1231 553 et
1257 498 1440 553 saeculi
1462 497 1883 553 transtulissent.

365 595 421 652 9.
456 594 600 665 Ipsis
630 602 804 648 autem
831 589 1239 645 conversantibus
1267 590 1321 643 in
1349 588 1608 657 Galiltea‘,
1639 589 1771 643 dixit
1797 587 1888 642 Je-

295 705 382 744 sus
412 705 431 744 :
459 686 720 742 Futurum
745 695 820 739 est
849 697 902 736 ut
931 683 1070 752 ﬁlius
1111 681 1329 736 hominis
1351 682 1589 736 tradatur
1624 683 1678 736 in
1707 697 1889 735 manus

295 780 563 835 hominum
591 775 778 848 (Ibid.,
810 773 926 843 21).
955 773 1212 842 Sequitur
1239 773 1496 828 mtestitia
1526 773 1888 844 cognitionem

295 871 564 943 passionis
592 886 604 922 ε
636 865 1042 922 nondumenim
1066 874 1463 921 sacramentum
1496 865 1748 920 ineundae
1769 880 1890 920 cru-

295 968 394 1033 cis,
428 960 847 1020 resurrectionis
875 960 1080 1014 virtute
1109 959 1282 1015 fuerat
1308 959 1629 1014 revelatum.

368 1059 456 1115 10.
491 1054 794 1110 Didrachmi
819 1053 1009 1108 solutio
1035 1053 1143 1125 lege
1168 1053 1368 1106 sancita
1397 1051 1520 1122 quid
1544 1051 1891 1123 signiﬁcet--

297 1150 369 1206 Et
392 1165 507 1204 cum
536 1148 746 1202 venisset
772 1143 925 1199 Iesus
949 1142 1338 1216 Capharnaum,
1366 1149 1679 1198 accesserunt
1706 1143 1794 1210 qui
1815 1139 1890 1214 (b)

298 1241 600 1296 didrachma
625 1237 894 1311 exigebant
923 1236 992 1289 ad
1026 1235 1238 1290 Petrum
1277 1235 1466 1307 (Ibid.,
1485 1233 1603 1304 23).
1635 1234 1893 1289 Dominus

295 1331 610 1388 didrachma
632 1331 843 1386 solvere
871 1327 1174 1397 postulatur
1209 1347 1220 1380 :
1254 1327 1356 1382 hoc
1383 1326 1528 1382 enim
1556 1325 1705 1380 omni
1731 1325 1891 1380 Israel

302 1425 393 1480 lex
419 1438 518 1494 pro
548 1421 923 1490 redemptione
952 1421 1148 1475 animae
1169 1429 1224 1475 et
1260 1420 1506 1491 corporis
1545 1418 1895 1474 constituerat

303 1517 357 1572 in
377 1514 678 1572 ministerio
701 1513 785 1587 (c)
810 1512 994 1582 templi
1015 1511 1360 1567 servientium
1388 1509 1582 1580 (Exod.
1609 1525 1746 1576 xxx,
1780 1510 1890 1579 l2).

299 1609 408 1665 Sed
439 1608 548 1675 lex,
580 1618 638 1662 ut
668 1608 893 1670 scimus,
926 1604 1225 1659 futurorum
1256 1603 1446 1659 umbra
1475 1612 1574 1657 est.
1607 1602 1722 1657 Non
1749 1601 1894 1656 enim

300 1702 426 1759 teris
447 1701 694 1772 przetium
727 1681 867 1753 Deus
889 1697 1231 1752 desiderabat
1263 1712 1276 1750 :
1302 1705 1362 1750 ut
1393 1711 1487 1765 per
1511 1706 1617 1749 tam
1646 1693 1896 1763 exiguam

1991 505 2099 565 tur,
2126 497 2305 566 idest,
2354 497 2605 553 denarios
2657 498 2828 567 duos;
2871 513 2968 554 cur
3021 508 3276 556 staterem
3330 502 3581 574 (quatuor

1989 588 2240 646 denarios
2299 592 2791 662 complectentem)
2845 593 3038 648 Petrus
3105 593 3306 650 offert?
3377 597 3582 654 Deinde

1991 697 2110 738 cum
2141 684 2373 753 primum
2419 685 2620 754 piscem
2674 683 2990 739 admonetur
3036 673 3581 755 inquirerepasceno

1993 776 2101 831 suri
2128 776 2482 831 ostenduntur
2511 785 2566 832 et
2614 775 3132 847 plures.,Numquid
3178 777 3340 832 etiam
3389 786 3580 834 natura

1992 867 2216 937 piscium
2243 866 2430 933 ferret,
2460 876 2518 922 ut
2546 867 2600 921 in
2636 867 2818 923 littore
2845 866 3067 923 fortuito
3109 879 3379 939 repertum
3409 879 3582 927 state-

1993 975 2108 1016 rem
2149 975 2245 1015 ore
2271 961 2450 1032 potius
2481 961 2805 1029 contineret,
2836 975 2942 1016 non
2973 961 3112 1016 intra
3139 962 3349 1016 viscera
3377 961 3578 1018 conde-

1994 1055 2115 1110 ret?
2162 1054 2357 1110 Subest
2398 1053 2558 1124 igitur
2583 1053 2884 1110 efﬁciendis
2925 1054 3279 1125 praesentibus
3306 1055 3466 1110 rebus
3496 1070 3584 1111 ra-

1997 1148 2070 1202 tio
2101 1148 2342 1203 interior.

2066 1241 2155 1296 15.
2199 1239 2502 1296 Destinatus
2541 1241 2686 1297 enim
2721 1241 2786 1295 ad
2817 1239 3248 1311 praedicationem
3279 1241 3493 1308 Petrus,
3527 1250 3584 1297 et

1996 1333 2231 1402 piscator
2271 1332 2547 1388 hominum
2583 1333 2772 1399 factus,
2818 1333 3078 1388 doctrina:
3106 1333 3322 1388 hamum
3355 1333 3500 1387 misit
3530 1333 3586 1388 in

1995 1425 2218 1490 saeculo,
2267 1440 2374 1496 quo
2425 1427 2654 1496 appositi
2704 1425 2806 1480 sibi
2859 1425 3144 1481 dulcedine
3192 1441 3360 1497 vagos
3403 1441 3471 1481 ex
3518 1441 3586 1482 eo

2000 1515 2432 1588 fluctuantesque
2454 1517 2812 1587 protraheret.
2849 1517 2981 1572 lluic
3005 1517 3233 1572 adhaesit
3273 1518 3462 1572 beatus
3497 1517 3590 1573 ille

1998 1609 2206 1677 primus
2226 1618 2426 1678 martyr
2455 1609 2532 1680 (g)
2555 1607 2736 1670 hamo,
2765 1609 2854 1678 qui
2887 1624 2982 1664 ore
3002 1624 3103 1664 suo
3123 1608 3587 1680 quadrigeminum

2001 1699 2280 1754 denarium
2312 1701 2623 1756 continebat
2653 1720 2665 1754 :
2712 1701 2791 1772 (Ιι)
2820 1701 2870 1755 id
2898 1688 3002 1767 est,
3043 1701 3340 1771 evangelici
3379 1702 3590 1757 numeri

301 1796 603 1865 impensam
628 1791 943 1848 criminibus
965 1789 1212 1859 corporis
1238 1797 1400 1858 atque
1428 1788 1622 1842 anima:
1643 1786 1890 1856 quaedam
1922 1796 1971 1856 B
2000 1792 2226 1856 unitate,
2260 1790 2354 1845 Dei
2379 1791 2604 1860 gloriam
2647 1791 3040 1860 Dominumque
3067 1790 3341 1846 Christqu
3385 1791 3437 1845 in
3476 1805 3597 1859 pas-

297 1885 598 1955 redemptio
621 1883 1036 1939 concederetur.
1068 1881 1139 1938 Ut
1183 1882 1347 1951 igitur
1385 1880 1675 1948 inscriptos
1715 1893 1813 1932 nos
1839 1887 1894 1932 et

298 1978 572 2050 professos
597 1987 652 2033 et
692 1975 894 2032 Christi
926 1975 1143 2029 nomine
1189 1974 1536 2040 consignatos
1577 1970 1894 2026 ollerremus

296 2071 350 2125 in
379 2069 618 2134 Christo,
649 2067 729 2139 (α)
772 2068 862 2138 qui
890 2081 1076 2122 verum
1108 2065 1200 2120 Dei
1229 2063 1486 2131 templum
1517 2073 1620 2129 est,
1651 2077 1750 2131 pro
1785 2071 1895 2116 tes-

295 2161 526 2218 timonio
555 2161 650 2217 ﬁlii
686 2161 779 2216 Dei
812 2159 972 2230 hujus
1001 2157 1332 2214 didrachmze
1362 2156 1565 2211 oblatio
1602 2156 1894 2212 constituta

302 2266 407 2313 68L

371 2348 462 2403 11.
488 2348 720 2403 Christus
744 2349 1036 2417 redemptor
1059 2346 1418 2417 redemptionis
1449 2345 1611 2414 pretio
1639 2359 1739 2396 non
1763 2350 1893 2413 eget.

301 2469 370 2482 ——-
394 2441 581 2510 Itaque
604 2440 824 2496 Petrum
858 2451 978 2510 post
1016 2439 1434 2494 conventionem
1477 2436 1726 2490 silentem
1755 2477 1770 2500 ,
1803 2435 1894 2489 tali

301 2551 425 2592 eum
464 2550 720 2592 sermone
764 2534 1026 2604 praevenit
1060 2553 1072 2587 :
1107 2534 1243 2599 Quid
1284 2533 1374 2586 tibi
1414 2531 1633 2597 videtur,
1675 2531 1898 2586 Simon?

304 2628 470 2700 Reges
521 2637 669 2682 terra:
731 2643 764 2680 a
815 2625 995 2695 quibus
1023 2625 1281 2693 accipiunt
1318 2625 1562 2678 tributum
1625 2632 1713 2676 aut
1774 2640 1896 2678 cen-

300 2738 414 2776 sum
433 2722 458 2774 ?
484 2730 590 2776 etc.
625 2719 818 2790 (Ibid.,
851 2717 966 2791 34).
998 2717 1265 2788 Numquid
1295 2717 1603 2787 ambiguum
1627 2727 1731 2779 est,
1760 2715 1901 2771 ﬁlios

299 2827 484 2884 regum
517 2811 733 2867 tributis
781 2810 1044 2865 obnoxios
1062 2825 1166 2864 non
1191 2824 1343 2874 esse;
1370 2817 1425 2862 et
1441 2809 1634 2878 quibus
1651 2809 1800 2878 regni
1823 2806 1896 2880 (ε)

302 2905 592 2960 haereditas
614 2911 717 2969 est,
742 2917 836 2958 eos
859 2916 980 2957 esse
1005 2902 1202 2957 liberos
1221 2917 1248 2953 a
1276 2899 1570 2954 servitute?
1599 2899 1704 2955 Sed
1720 2914 1899 2954 sermo

302 2998 530 3054 interius
557 2996 805 3052 intendit.
837 2994 1217 3050 Postulabatur
1258 2991 1571 3048 didrachma
1603 3007 1633 3046 a
1677 2991 1894 3061 populo.

309 3090 418 3146 Lex
447 3091 593 3145 enim
625 3091 677 3144 in
704 3103 824 3143 eam
859 3088 1018 3142 fidem
1045 3128 1062 3154 ,
1094 3101 1216 3157 quae
1245 3101 1342 3156 per
1366 3084 1636 3140 Christum
1669 3096 1786 3139 erat
1815 3099 1900 3140 re-

306 3182 529 3236 velanda
558 3223 573 3248 ,
601 3180 964 3237 concluditur.
999 3178 1142 3248 Ergo
1174 3179 1290 3232 lucc
1320 3177 1506 3231 eadem
1539 3176 1849 3230 didrachma
1876 3216 1891 3240 ,
1926 3166 1972 3228 C

306 3272 698 3327 consuetudine
727 3271 881 3339 legis,
920 3279 1192 3338 tamquam
1218 3268 1285 3323 ab
1329 3267 1544 3322 homine
1575 3267 1896 3336 poscebatur

307 3379 338 3418 a
366 3363 602 3419 Christo.
630 3363 735 3418 Sed
781 3371 840 3416 ut
868 3360 1220 3430 ostenderet,
1251 3360 1353 3430 legi
1385 3374 1443 3414 se
1471 3375 1576 3412 non
1617 3373 1742 3414 esse
1771 3359 1900 3414 sub-

301 3458 506 3528 jectum
532 3495 546 3519 ,
589 3463 642 3510 et
669 3464 727 3508 ut
759 3455 810 3508 in
843 3468 901 3508 se
942 3463 1180 3523 paterna:
1205 3451 1478 3522 dignitatis
1501 3451 1725 3522 gloriam
1769 3465 1898 3506 con-

306 3556 618 3612 testaretur,
659 3546 857 3602 terreni
880 3545 1142 3616 privilegii
1170 3545 1347 3612 posuit
1367 3544 1671 3614 exemplum
1698 3559 1711 3597 :
1735 3557 1899 3598 censu

307 3652 404 3696 aut
441 3640 654 3695 tributis
696 3654 879 3709 regum
905 3638 1044 3692 ﬁlios
1066 3653 1172 3691 non
1201 3638 1366 3709 756
1397 3637 1585 3701 teneri,
1614 3637 1901 3706 potiusque

308 3746 371 3787 se
413 3729 810 3800 redemptorem
857 3729 1050 3783 animus
1093 3737 1294 3783 nostrae
1340 3727 1693 3797 corporisque
1738 3741 1900 3792 esse,

308 3837 472 3894 quam
520 3823 571 3875 in
619 3819 1038 3889 redemptionem
1086 3820 1168 3873 sui
1221 3817 1420 3887 aliquid
1487 3816 1898 3886 postulandum;

309 3914 430 3985 quia
477 3913 619 3982 regis
647 3911 816 3966 ﬁlium
859 3918 1009 3966 extra
1037 3909 1472 3964 communionem
1501 3917 1752 3977 oportere
1781 3922 1904 3963 esse

309 4007 640 4074 reliquorum
671 4005 748 4075 (ί)
785 4003 1096 4058 scandalum
1129 4002 1289 4070 igitur
1329 4008 1553 4070 praestat
1588 4010 1646 4054 ut
1685 4001 1899 4065 solvat,

310 4108 565 4152 cazteruni
592 4095 776 4150 debito
799 4097 936 4164 legis
959 4104 1042 4148 est
1072 4093 1208 4149 liber
1237 4092 1425 4164 (Ibid.,
1455 4092 1572 4162 26).

382 4192 471 4245 12.
539 4189 740 4245 Deinde
783 4189 886 4245 sub
937 4205 1112 4244 rerum
1163 4189 1514 4258 praesentium
1565 4189 1800 4255 ell'ectu,
1851 4198 1908 4244 et

312 4281 723 4353 signiﬁcantium
753 4282 908 4352 legis,
933 4289 986 4336 et
1005 4281 1363 4336 constantiam
1393 4282 1722 4351 evangelicae
1745 4281 1908 4336 liber-

317 4375 442 4428 tatis
467 4374 717 4444 exposuit
766 4391 780 4426 :
829 4383 886 4426 ut
913 4373 1164 4442 cognosci
1215 4381 1518 4441 promptum
1565 4381 1732 4440 esset,
1779 4375 1908 4444 quid

314 4465 626 4521 didraehma
678 4464 1046 4534 praeﬁguraret
1088 4463 1141 4516 in
1181 4463 1317 4533 lege.
1365 4464 1444 4518 lre
1473 4464 1908 4534 Petrusjubetur

1996 1885 2150 1940 sione
2174 1895 2438 1939 contuens
2480 1883 2822 1953 przedicabat.
2869 1883 3173 1952 Stephanus
3204 1883 3364 1952 igitur
3386 1883 3594 1952 primus

1997 1976 2269 2041 ascendit,
2321 1975 2628 2045 Stephanus
2654 1983 2909 2030 staterem
2935 1990 3030 2030 ore
3057 1974 3364 2030 continuit:
3399 1975 3450 2028 in
3483 1988 3590 2045 quo

1997 2068 2157 2122 etiam
2189 2067 2502 2122 didrachma
2531 2081 2685 2122 nova:
2725 2066 3141 2136 prtedicationis,
3187 2076 3457 2135 tamquam
3485 2067 3593 2121 duo

1997 2161 2202 2217 denarii
2238 2160 2599 2216 habebantur.
2626 2160 2739 2215 lloc
2770 2161 2858 2214 lex
2887 2158 3284 2230 prmflgurabat,
3319 2159 3478 2228 hujus
3500 2174 3594 2214 ve-

1998 2252 2174 2306 ritatis
2195 2252 2465 2316 umbram,
2500 2259 2770 2320 tamquam
2787 2251 3032 2321 corporis
3056 2251 3344 2321 imaginem
3364 2251 3596 2306 circum-

1998 2345 2230 2409 ferebat,
2255 2343 2372 2398 hmc
2401 2341 2707 2412 redemptio
2733 2343 2927 2398 animae
2953 2354 3008 2397 et
3054 2343 3300 2412 corporis
3348 2343 3598 2413 designa-

2000 2437 2158 2490 batur
2187 2453 2200 2488 :
2235 2435 2462 2506 ideoque
2491 2436 2605 2490 ait:
2639 2434 2722 2488 Da
2744 2452 2836 2504 pro
2858 2452 2938 2489 me
2963 2447 3009 2490 et
3038 2445 3084 2489 te
3126 2452 3144 2490 :
3178 2436 3300 2504 quia
3331 2437 3439 2505 jam
3469 2436 3592 2491 talis

2000 2545 2106 2584 non
2135 2529 2472 2596 didrachma,
2501 2528 2594 2584 sed
2618 2537 2809 2593 stater,
2840 2538 2894 2583 et
2920 2544 3018 2599 pro
3039 2528 3254 2585 Christo
3272 2537 3391 2584 erat
3415 2537 3471 2584 et
3495 2543 3596 2600 pro

1996 2622 2197 2677 Christi
2232 2622 2613 2691 praedicatione
2639 2622 2956 2678 solvendus.

2575 2755 2803 2812 CAPUT
2844 2755 3020 2812 XVliI.

1999 2880 2080 2935 De
2105 2881 2387 2952 infantibus
2407 2880 2654 2946 inhibitis,
2703 2891 2749 2934 et
2799 2881 2862 2936 de
2901 2879 3187 2935 humilitate
3227 2895 3400 2935 eorum
3445 2896 3597 2934 assu-
3641 2943 3650 2948 _

2073 2975 2278 3041 menda,
2310 2975 2374 3029 de
2397 2991 2554 3028 manu
2588 2983 2634 3028 et
2683 2974 2808 3044 pede
2855 2985 2902 3027 et
2950 2974 3099 3029 oculo
3143 2974 3390 3040 eruenda,
3421 2975 3483 3028 de
3507 2989 3597 3029 ove

2075 3069 2294 3140 perdita,
2343 3069 2405 3123 de
2446 3069 2782 3138 corripiendis
2828 3059 3076 3137 fratribus
3109 3077 3299 3122 secreto
3352 3069 3594 3138 primum,

2075 3170 2180 3214 tum
2226 3159 2424 3213 duobus
2476 3158 2704 3225 testibus,
2748 3167 3002 3229 postremo
3027 3155 3259 3212 Ecclesia
3318 3167 3585 3225 prwsente.

2073 3251 2290 3322 Semper
2318 3250 2698 3322 ignoscendum.
2727 3251 2827 3317 Qui
2853 3266 3171 3316 conservum,
3199 3249 3412 3303 remisso
3441 3249 3539 3303 sibi
3560 3267 3594 3304 a

2075 3341 2286 3394 domino
2307 3339 2496 3406 debito,
2514 3340 2758 3407 suffocat.

2073 3459 2127 3513 1.
2172 3457 2333 3511 Pueri
2353 3457 2634 3512 credentes.
2678 3456 2968 3511 Puerorum
3013 3458 3232 3522 indoles.
3286 3456 3351 3512 In
3376 3457 3471 3512 illa
3517 3458 3601 3512 die

2001 3559 2320 3604 accesserunt
2359 3549 2600 3620 discipuli
2645 3549 2713 3602 ad
2753 3547 2956 3615 Jesum,
3001 3549 3222 3603 dicentes
3245 3567 3263 3603 :
3289 3549 3420 3617 Quis
3449 3558 3598 3620 putas

2002 3648 2172 3716 major
2191 3645 2332 3697 estin
2352 3659 2508 3716 regno
2529 3643 2806 3696 ctzlornm?
2833 3652 2888 3696 et
2912 3642 3118 3710 reliqua
3147 3642 3386 3713 (Matth.,
3441 3656 3594 3708 xvnt,

2003 3737 2082 3808 1).
2111 3735 2228 3790 Non
2264 3736 2364 3789 nisi
2412 3749 2658 3788 reversos
2701 3736 2754 3787 in
2783 3742 3027 3786 naturam
3054 3747 3339 3801 puerorum
3371 3731 3596 3784 introire

2003 3841 2226 3895 regnum
2253 3825 2512 3880 caelorum
2559 3824 2717 3895 757
2758 3825 3014 3878 Dominus
3042 3823 3218 3888 docet,
3279 3823 3330 3875 id
3378 3829 3484 3886 est,
3539 3821 3592 3875 in

2005 3918 2402 3988 simplicitatem
2455 3918 2718 3985 puerilem
2774 3916 2900 3969 vitia
2956 3929 3243 3983 corporum
3289 3921 3596 3967 nostrorum

2009 4008 2310 4077 animmque
2339 4006 2662 4062 revocanda.
2692 4007 2896 4061 Pueros
2923 4015 3128 4071 autem,
3172 4005 3603 4075 credentespm-

2005 4113 2105 4152 nes
2133 4113 2226 4166 per
2251 4097 2537 4152 audientize
2569 4097 2727 4151 ﬁdem
2755 4097 3099 4166 nuncupavit.
3137 4097 3199 4150 lli
3221 4097 3363 4151 enim
3390 4105 3596 4165 patrem

2008 4197 2326 4261 sequuntur,
2379 4197 2603 4244 matrem
2653 4198 2857 4253 amant,
2905 4190 3150 4258 proximo
3211 4189 3348 4242 velle
3400 4187 3596 4242 malum

2009 4283 2278 4348 nesciunt,
2308 4298 2491 4337 curam
2537 4297 2699 4352 opum
2747 4283 3023 4352 negligunt
3057 4299 3069 4335 :
3105 4295 3210 4335 non
3242 4279 3597 4345 insolescunt,

2009 4390 2116 4428 non
2145 4373 2399 4439 oderunt,
2427 4389 2532 4429 non
2559 4374 2914 4439 mentiuntur,
2938 4374 3097 4429 dictis
3115 4373 3364 4436 credunt,
3383 4381 3438 4426 et
3459 4371 3602 4442 quod

1987 4465 2234 4520 audiunt
2263 4479 2452 4520 verum
2481 4465 2698 4522 habent.
2729 4467 2796 4522 Et
2836 4466 2952 4520 haec
2979 4466 3218 4519 omnium
3259 4463 3600 4518 aﬂ‘ectionum

313 4556 381 4611 ad
406 4573 572 4621 mare,
599 4556 924 4624 hamumque
951 4555 1162 4608 mittere
1183 4595 1199 4619 ,
1232 4564 1287 4609 et
1313 4553 1473 4622 primi
1521 4555 1683 4623 piscis
1721 4570 1910 4610 ascen-
1935 4539 1988 4597 Ι)
2013 4567 2287 4626 assumpta
2325 4559 2378 4611 in
2413 4558 2566 4612 nobis
2591 4567 2643 4612 et
2669 4560 3005 4613 consuetudo
3041 4567 3096 4611 et
3135 4557 3406 4618 voluntas,
3436 4554 3603 4609 caelo-

313 4647 493 4703 dentis
521 4663 581 4702 os
611 4647 908 4718 requirere,
940 4655 1322 4716 repertumque
1355 4647 1409 4702 in
1439 4661 1505 4700 eo
1527 4656 1782 4703 staterem
1810 4664 1909 4718 pro

386 4834 466 4903 (a‘,
494 4833 658 4893 Editi,
705 4831 774 4884 ad
820 4829 1199 4903 conversionem
1248 4829 1471 4900 gentium
1512 4849 1530 4903 ς
1569 4833 1914 4901 corriguntur

317 4901 546 4959 ex'mss.
580 4903 673 4956 llic
696 4916 859 4966 porro
884 4901 1024 4954 male
1047 4910 1201 4953 sonat
1228 4902 1655 4956 conversationis
1681 4906 1914 4958 vocabu-

316 4976 448 5030 lnm.
481 4974 604 5025 Vult
625 4972 823 5041 quippe
845 4971 1079 5043 Hilarius
1106 4971 1473 5043 infidelitatem
1499 4974 1681 5026 sa-culi
1708 4982 1762 5027 ct
1785 4991 1914 5043 gen-

319 5048 488 5099 tilium
521 5043 785 5096 dominari
814 5084 828 5107 ,
862 5041 1167 5109 Judatisquc
1211 5049 1269 5094 nt
1297 5042 1365 5094 ab
1393 5056 1579 5096 eorum
1624 5041 1911 5098 consuetu-

315 5115 442 5170 dine
463 5127 522 5167 se
549 5123 894 5181 segregarent
925 5112 1106 5165 datum
1137 5125 1279 5176 esse,
1315 5111 1402 5164 ubi
1449 5112 1634 5168 datum
1664 5123 1748 5169 est
1775 5115 1914 5169 unde

314 5187 383 5240 ad
412 5185 572 5238 ﬁdem
599 5198 659 5236 se
691 5181 1064 5236 transferrent.

391 5254 472 5326 (ὁ)
505 5255 618 5319 Er.,
647 5253 792 5322 Lips.
814 5259 870 5307 et
889 5250 1011 5306 Par.
1038 5251 1126 5326 hic
1151 5259 1206 5306 et
1228 5251 1502 5326 deinceps,
1531 5253 1907 5326 didrachmam.

315 5321 564 5380 ln'mss.
616 5321 952 5387 constanter,
1013 5323 1302 5392 didragma.
1365 5321 1552 5378 Grmce
1613 5325 1664 5377 in
1721 5325 1910 5393 plurali

315 5400 384 5454 τὰ
412 5396 705 5468 δίδραχμα.

412 5418 491 5452 0ιο
529 5418 705 5468 αχμα.

389 5468 464 5538 (c)
493 5418 548 5523 fit
574 5480 704 5520 mss.
735 5465 983 5538 Turon.,_
1009 5463 1167 5517 Miclt.
1199 5473 1253 5518 et
1275 5463 1438 5538 Vind.
1464 5465 1650 5538 templo
1687 5465 1912 5538 servien-

318 5534 466 5592 tium.
527 5537 636 5590 Lex
689 5547 867 5590 autem
919 5536 985 5589 ad
1033 5549 1160 5588 usus
1217 5534 1547 5588 tabernaculi
1598 5536 1908 5600 testimonii,

319 5624 430 5663 non
479 5607 545 5661 ad
597 5622 726 5660 usus
769 5605 1119 5661 servientium
1154 5604 1288 5658 hanc
1318 5606 1598 5673 pecuniam
1645 5607 1910 5674 exigebat.

321 5741 328 5747 ⁸
361 5675 476 5801 ‘(éo
507 5675 676 5758 Abest
702 5679 790 5747 qui
820 5693 992 5731 verum
1020 5674 1117 5730 Dei
1138 5676 1385 5742 templum
1414 5684 1487 5729 est
1519 5690 1548 5730 a
1577 5689 1708 5730 mss.
1742 5673 1916 5732 Colh.

326 5763 357 5801 e
448 5764 563 5801 arn.

326 5756 381 5801 et
403 5753 563 5802 Carit.

2011 4667 2128 4707 rum
2157 4652 2262 4707 iter
2286 4653 2527 4722 pervium
2557 4661 2795 4722 prmstat.
2822 4651 3218 4706 Revertendum
3242 4648 3402 4719 igitur
3428 4646 3605 4702 estad

2087 4837 2162 4910 (ε)
2195 4836 2331 4910 Editi
2372 4834 2748 4910 exceptofar.
2778 4849 2898 4888 cum
2930 4848 3023 4888 sex
3057 4847 3201 4910 mss._
3221 4832 3364 4901 regni
3387 4832 3572 4910 veritas
3588 4845 3608 4884 .·

2017 4902 2194 4962 minus
2221 4909 2380 4960 bene.
2412 4902 2542 4959 Nam
2587 4906 2709 4958 liliis
2739 4920 2923 4973 regum
2955 4914 3036 4959 est
3078 4903 3291 4972 quidem
3321 4903 3471 4972 regni
3498 4902 3608 4957 lue-

2019 4980 2238 5042 reditas,
2262 4977 2356 5032 sed
2381 4977 2614 5031 nondum
2640 4976 2859 5030 veritas.

2092 5069 2168 5141 (f)
2211 5070 2370 5134 Editi,
2420 5068 2663 5123 scandala
2711 5083 2728 5122 :
2772 5067 3126 5141 renitentibus
3173 5063 3426 5141 omnibus
3471 5078 3603 5141 mss.

2016 5133 2239 5194 Solvere
2260 5133 2568 5194 scandalum
2601 5154 2701 5208 pro
2729 5138 2915 5192 tollere
2936 5137 3155 5202 dicitur,
3184 5135 3306 5206 quia
3349 5133 3608 5190 solvendo

2018 5210 2330 5264 didrachma
2363 5209 2714 5264 auferendum
2739 5219 2839 5264 cst.

2086 5302 2163 5374 (g)
2203 5301 2260 5354 In
2293 5301 2546 5374 vulgatis,
2577 5317 2607 5352 (ι
2630 5299 2874 5352 Domino.
2908 5298 3074 5368 Magis
3095 5299 3271 5368 placet
3299 5313 3420 5353 cum
3443 5296 3610 5368 pluri-

1972 5425 1976 5432 ,
2013 5371 2125 5427 bus
2148 5386 2281 5425 mss.
2312 5371 2486 5424 hamo.

2090 5460 2166 5536 (h)
2194 5461 2354 5516 Solus
2389 5476 2492 5536 ms.
2526 5460 2680 5514 Vind.
2706 5459 2776 5536 id
2806 5470 2900 5536 est,
2928 5459 3228 5536 Evangelia.
3277 5461 3462 5536 Plures
3497 5458 3622 5536 alii,-

2016 5535 2072 5588 id
2091 5529 2185 5595 est,
2218 5533 2493 5600 evangelici
2521 5533 2714 5584 numeri
2740 5533 3004 5584 unitatem.
3033 5529 3218 5584 Hilarii
3237 5531 3397 5584 verba
3428 5533 3613 5597 expla-

2021 5614 2113 5659 nat
2142 5602 2475 5671 Theophilus
2516 5602 2767 5656 Autioch.
2811 5602 3094 5655 declarans
3140 5609 3340 5671 statere
3384 5610 3614 5670 quatuor

2021 5674 2308 5795 ('i'raclmi’as
2337 5674 2624 5741 contineri,
2655 5672 2841 5743 quibus
2869 5670 3202 5740 intelligenda
3237 5680 3353 5726 sunt
3395 5682 3615 5741 quatuor

2049 5759 2232 5795 ,vanae
2256 5759 2324 5795 ta.

2026 5744 2324 5806 Evangelia.
