4222 6262
615 291 752 348 1019

1815 289 2059 345 SANC’I’I
2101 289 2354 346 lilLAlill
2395 289 2700 346 EPISCOPI

615 405 1013 478 simplicitatem
1045 401 1328 458 infantium
1365 419 1377 456 :
1409 401 1532 471 quia
1563 403 1615 458 in
1660 415 1724 458 ea
1758 402 2030 470 collocati,
2069 416 2192 471 spe-
2224 401 2275 462 Α
2369 403 2422 456 Al.
2466 399 2727 470 Superius
2751 407 2931 454 autem
2972 399 3024 454 in
3056 398 3439 454 abscindendis
3467 413 3626 454 manu
3649 400 3734 458 vel
3759 402 3908 472 pede

615 499 753 555 ciem
786 495 1100 554 humilitatis
1127 493 1416 554 dominicae
1444 495 1906 550 circumieremus.

685 590 738 646 2.
777 585 977 644 ludatis
996 596 1256 658 praestaret
1283 604 1402 645 cum
1427 587 1658 661 gentibus
1704 585 1872 644 Deum
1916 588 2200 660 ignorasse,

613 698 765 750 quam
811 679 1068 734 Christum
1115 696 1218 736 non
1262 681 1527 748 recepisse.
1575 680 1729 736 --Si
1783 682 1874 750 qui
1922 690 2100 736 autem
2149 681 2202 736 in

615 771 814 829 Christi
838 773 1052 828 nomine
1077 773 1208 828 tales
1235 773 1563 842 receperint,
1589 771 1790 828 Christi
1833 775 2034 843 recepti
2066 788 2202 843 prae.

619 863 783 920 mium
815 873 1213 931 consequentur
1242 879 1255 916 :
1289 862 1390 929 Qui
1412 873 1580 919 autem
1600 863 2020 924 srandaliaarerit
2045 880 2205 918 unum

618 959 680 1011 de
711 957 916 1027 pusillis
940 957 1071 1017 istis.
1106 956 1155 1013 id
1199 964 1302 1020 est,
1328 957 1418 1026 qui
1464 956 1844 1012 oileudiculum
1897 957 2205 1012 imitationis

619 1051 880 1114 intulerit,
913 1049 1183 1118 θωμιάὲιεὶ
1225 1057 1282 1104 ut
1317 1050 1660 1117 suspendatur
1708 1050 1846 1106 mola
1890 1050 2116 1104 asinaria
2151 1051 2206 1105 in

620 1141 751 1196 collo
774 1146 905 1215 ejus,
923 1152 968 1194 et
996 1140 1320 1211 demergatur
1337 1142 1387 1194 in
1408 1142 1896 1211 profundummaris
1915 1141 2104 1214 (ibid,
2125 1142 2202 1214 6).

618 1233 723 1288 Tot
764 1241 1032 1302 utiturque
1087 1248 1174 1288 res
1221 1247 1327 1288 non
1375 1233 1551 1288 otiose
1594 1244 1919 1304 comparatae
1963 1242 2209 1290 suntret

621 1326 788 1391 mola,
821 1336 871 1382 et
905 1325 1156 1389 asinaria,
1185 1333 1389 1382 etcum
1422 1341 1484 1380 ea
1523 1326 1574 1380 in
1607 1327 1743 1382 mari
1788 1327 2130 1397 mergendus.
2153 1335 2210 1382 et

621 1419 723 1474 hoc
748 1417 796 1470 ei
825 1416 1136 1486 expediens.
1181 1416 1467 1474 Communi
1496 1418 1736 1474 omnium
1768 1433 1954 1483 sensu,
1995 1433 2209 1488 semper

620 1509 762 1581 quod
792 1508 1012 1575 expedit
1042 1510 1171 1566 utile
1200 1519 1304 1564 est.
1331 1509 1466 1576 Quid
1496 1525 1626 1579 ergo
1655 1511 1898 1566 utilitatis
1922 1523 2026 1577 est,
2068 1511 2210 1566 mola

621 1601 854 1657 asinaria
883 1602 1026 1657 collo
1072 1616 1334 1669 suspensa
1380 1600 1663 1671 demergi?
1719 1601 1863 1658 Ilors
1901 1603 2044 1660 enim
2102 1609 2209 1657 tam

623 1695 803 1764 gravis
835 1693 1081 1762 proﬁciet
1113 1694 1179 1750 ad
1207 1708 1420 1763 plenam
1458 1711 1470 1748 :
1503 1701 1557 1748 et
1584 1694 1766 1751 nescio
1801 1693 2072 1763 quomodo
2099 1695 2215 1770 erit

2306 494 2758 564 propinquitatum
2781 492 3046 548 contineri
3068 492 3288 547 nomina
3314 494 3659 562 exposuimus
3679 495 3815 566 (cap.
3833 497 3897 561 4,

2305 602 2357 638 n.
2389 584 2484 657 2i)
2519 595 2724 654 :atque
2772 583 2894 638 ideo
2949 585 3325 654 cognationem
3376 586 3596 654 generis
3646 585 3901 643 israelitae

2305 680 2470 752 758
2498 678 2902 752 relinquendam
2926 677 3091 732 veluti
3115 678 3344 748 quadam
3364 678 3734 732 membrorum
3765 682 3912 735 reci-

2305 773 2457 827 sione
2485 771 2775 842 signiﬁcat,
2803 771 2928 842 quia
2955 784 3051 841 per
3072 786 3191 826 eam
3223 769 3425 826 mundo
3462 773 3716 826 scandala
3752 788 3910 828 com-

2307 874 2586 933 parentur.

2381 958 2430 1008 5.
2475 954 2782 1024 Angelorunt
2804 953 3026 1008 denobis
3044 969 3190 1007 cura.
3219 984 3291 998 -η
3321 952 3498 1008 Videte
3519 971 3586 1008 ne
3609 929 3915 1010 contemna-

2307 1047 2548 1100 iisunum
2575 1048 2638 1104 de
2686 1047 2889 1118 pusillis
2926 1047 3061 1112 istis,
3115 1048 3203 1116 qui
3245 1047 3459 1100 credunt
3507 1049 3560 1100 in
3606 1066 3685 1100 me
3715 1048 3908 1120 (Ibit,

2314 1136 2419 1210 10).
2446 1138 2519 1209 (c)
2543 1139 2911 1192 Arctissimum
2931 1138 3203 1196 vinculum
3224 1138 3391 1192 mutui
3407 1138 3908 1208 amorisimposuit,

2309 1227 2376 1282 ad
2406 1243 2502 1282 eos
2527 1229 2800 1298 przrcipue
2827 1228 2921 1296 qui
2960 1242 3085 1282 vere
3131 1229 3184 1281 in
3240 1229 3468 1282 Domino
3517 1230 3910 1285 credidissent.

2312 1323 2634 1378 Pusillorunt
2714 1326 2857 1379 enim
2929 1323 3105 1393 angeli
3171 1323 3413 1393 quotidie
3480 1324 3647 1378 Deum
3722 1327 3912 1381 vident

2315 1415 2499 1487 (lbid.,
2550 1415 2680 1485 li):
2719 1417 2844 1484 quia
2875 1414 3017 1469 ﬁlius
3068 1415 3297 1469 hominis
3345 1416 3495 1469 venit
3542 1416 3750 1470 salvare
3785 1433 3914 1486 quas

2315 1506 2521 1574 perdita
2548 1515 2691 1558 sunt.
2726 1506 2864 1576 Ergo
2893 1515 2951 1560 et
2978 1506 3120 1560 lilius
3145 1505 3377 1559 hominis
3407 1506 3604 1572 salvat,
3643 1517 3692 1561 et
3738 1509 3916 1562 Deum

2313 1599 2486 1668 angeli
2519 1598 2719 1661 vident,
2749 1610 2806 1652 et
2828 1597 2910 1669 (ά)
2937 1599 3112 1668 angeli
3133 1599 3449 1666 pusillorum
3476 1608 3621 1652 sunt.
3643 1598 3916 1654 Fidelium

2315 1672 2647 1745 orationibus
2713 1704 2946 1758 praeesse
2992 1691 3257 1758 angelos,
3313 1688 3555 1743 absoluta
3610 1693 3914 1745 auctoritas

625 1785 775 1846 utile,
798 1785 851 1841 id
880 1796 1133 1851 espetcre
1155 1784 1300 1854 quod
1325 1785 1568 1841 ultimum
1621 1787 1692 1841 sit
1742 1787 2027 1841 malorum.
2075 1785 2215 1852 Quid
2245 1791 2291 1850 Β
2319 1790 2420 1836 est.
2452 1781 2787 1835 Salvatorum
2818 1779 2980 1849 igitur
3012 1795 3106 1848 per
3124 1779 3403 1834 Christum
3432 1783 3704 1834 orationes
3723 1782 3917 1850 angeli

623 1895 754 1951 ergo
779 1881 966 1938 sentiri
994 1889 1264 1949 oporteat,
1306 1879 1656 1950 quaerendum
1701 1889 1804 1936 est.
1863 1880 2017 1936 Mole
2054 1895 2211 1950 opus,

624 1973 774 2028 labor
800 1981 882 2028 cst
908 1973 1166 2028 caecitatis
1198 1989 1211 2027 :
1242 1986 1366 2026 nam
1412 1970 1614 2028 clausis
1638 1970 2004 2040 iumentorum
2038 1973 2209 2027 oculis

623 2073 854 2136 aguntur
885 2066 935 2120 in
967 2081 1178 2137 gyrum.
1205 2065 1270 2120 Et
1294 2064 1396 2119 sub
1417 2064 1552 2120 asini
1578 2063 1796 2134 quidem
1839 2064 2079 2128 nomine,
2109 2064 2215 2118 irc-

623 2166 849 2226 quenter
877 2167 1062 2226 gentes
1082 2155 1491 2226 cognominatas
1528 2156 1853 2225 reperimus.
1883 2153 2048 2225 igitur
2079 2169 2212 2225 gen—

628 2258 708 2305 tes
725 2249 869 2319 qnod
896 2256 1082 2316 agunt,
1110 2248 1357 2304 nesciunt
1389 2265 1401 2301 :
1435 2256 1490 2302 et
1515 2249 1570 2302 in
1595 2246 1718 2304 vitae
1758 2262 1871 2302 suae
1907 2261 2074 2315 opere
2119 2247 2217 2301 de-

628 2349 810 2406 tentae,
849 2342 977 2396 caeci
1022 2339 1223 2394 laboris
1269 2339 1565 2409 ignorantia
1611 2337 1978 2395 continentur.
2015 2336 2219 2393 .lndaais

627 2441 807 2490 autem
837 2432 1078 2489 scicntia:
1110 2431 1210 2486 iter
1237 2431 1293 2486 in
1324 2431 1440 2499 lege
1464 2429 1543 2503 (a)
1574 2437 1883 2500 pmstatum
1913 2437 2015 2485 est.
2040 2429 2143 2494 Qui
2172 2427 2217 2484 si

633 2524 834 2582 Christi
857 2525 1131 2594 apostolos
1155 2524 1605 2587 scandalizarent,
1632 2522 1832 2580 rectius
1856 2522 2052 2591 illigata
2076 2520 2218 2575 collo

629 2618 770 2671 mola
801 2618 1031 2674 asinaria
1055 2617 1290 2671 demersi
1315 2615 1370 2672 iit
1402 2631 1551 2671 mare
1599 2615 1842 2678 fuissent,
1872 2613 1924 2668 id
1951 2624 2054 2674 est.
2083 2627 2216 2682 gen-

631 2709 764 2762 tium
798 2707 980 2762 labore
1010 2708 1250 2777 depressi
1283 2708 1334 2760 in
1392 2707 1689 2777 ignorantia
1738 2705 1920 2760 saeculi
1965 2705 2217 2758 demora-

627 2812 815 2858 rentur
857 2819 869 2854 :
904 2801 1027 2870 quia
1060 2802 1162 2854 illis
1196 2799 1528 2855 tolerabilius
1560 2799 1722 2854 fuerit
1772 2800 2013 2854 nescisse
2037 2795 2221 2852 Chris-

631 2903 764 2960 tum,
791 2910 950 2964 quam
980 2894 1098 2948 istis
1129 2894 1508 2964 prophetatum
1549 2908 1654 2948 non
1678 2892 1970 2962 recepisse.

702 2985 757 3039 ὅ.
800 2985 1119 3041 Scandolum
1147 2987 1312 3040 crucis
1339 2986 1701 3049 necessarium,
1726 2993 1771 3038 et
1790 3000 1944 3055 quant
1967 2982 2221 3054 periculo-

632 3097 765 3135 sum.
790 3110 862 3121 —
891 3078 980 3134 γω
998 3079 1120 3134 huic
1143 3080 1329 3133 mundo
1345 3077 1407 3132 ab
1434 3078 1710 3132 scandulis.
1746 3077 1964 3131 Necesse
1982 3086 2057 3130 est
2087 3077 2221 3130 enim

2316 1872 2556 1942 quotidie
2581 1871 2689 1925 Deo
2717 1870 2971 1926 olierunt.
3006 1871 3151 1940 Ergo
3193 1871 3495 1940 periculose
3534 1872 3622 1926 ille
3658 1884 3914 1927 contemv

2317 1966 2478 2030 nitur,
2510 1965 2663 2034 cujus
2689 1963 2953 2020 desideria
2975 1979 3038 2019 ac
3067 1966 3459 2032 postulationes
3484 1964 3548 2019 ad
3567 1973 3825 2020 meritum
3849 1975 3914 2021 et

2320 2056 2640 2112 invisibilem
2671 2056 2837 2110 Deum
2883 2055 3173 2110 ambitioso
3201 2055 3523 2126 angelorum
3554 2055 3813 2111 famulatu
3843 2071 3918 2110 ac

2319 2148 2618 2203 ministerio
2645 2147 3030 2218 pervehuntur.

2390 2241 2443 2294 6.
2491 2238 2610 2293 Ovis
2633 2256 2735 2292 una
2755 2255 2952 2303 errans,
2979 2238 3150 2292 homo.
3179 2238 3482 2312 Nonaginta
3502 2257 3678 2295 novent
3705 2257 3812 2295 non
3839 2258 3924 2294 rr-

2319 2341 2510 2396 rantes,
2555 2330 2744 2403 angeli.
2800 2330 3002 2384 Horum
3042 2346 3281 2384 numerus
3307 2347 3371 2384 ea:
3393 2331 3682 2386 hominibus
3713 2333 3922 2402 perﬁci-

2321 2432 2427 2476 tur.
2453 2450 2526 2461 ——
2548 2421 2721 2491 Atque
2743 2431 2800 2476 ut
2825 2421 3098 2490 ingentem
3124 2436 3245 2476 esse
3288 2422 3343 2478 in
3372 2423 3528 2478 cretis
3557 2423 3712 2478 laetiti
3731 2441 3802 2478 tm
3833 2439 3926 2478 re-

2320 2513 2434 2570 ditu
2464 2512 2714 2568 humanae
2751 2512 2946 2568 salutis
2969 2513 3320 2577 ostenderet,
3353 2514 3782 2582 comparationis
3821 2530 3924 2584 po-

2319 2605 2428 2678 suit
2447 2604 2779 2672 exetnplum,
2804 2605 2923 2672 ejus
2948 2604 3038 2672 qui
3093 2618 3226 2658 oves
3272 2607 3561 2673 nonaginta
3614 2621 3811 2660 novem
3861 2608 3922 2662 in

2320 2696 2591 2754 montibus
2621 2695 2947 2765 reliquisset,
2975 2704 3028 2752 et
3056 2707 3325 2753 errantem
3351 2711 3508 2751 unam
3548 2697 3870 2766 requisisset
3902 2715 3919 2752 :

2320 2803 2421 2859 qna
2450 2789 2664 2844 inventa
2694 2787 2815 2856 plus
2840 2787 3016 2858 gaudii
3039 2788 3131 2851 sit,
3153 2802 3314 2858 quam
3338 2787 3633 2845 habebatur
3662 2791 3717 2845 in
3745 2806 3921 2846 nona~

2319 2883 2464 2953 ginta
2495 2890 2550 2938 et
2577 2896 2772 2936 novem
2800 2882 2874 2954 (ε)
2902 2883 3319 2936 conservatione
3349 2882 3549 2938 iustitia:
3577 2882 3770 2951 (Ibid.,
3803 2884 3922 2955 η).

2321 2974 2448 3030 Ovis
2471 2989 2600 3041 una,
2632 2974 2796 3030 homo
2844 2973 3224 3043 intelligendus
3277 2985 3396 3039 est,
3453 2977 3656 3051 etgsuh
3704 2975 3928 3032 homine

2322 3084 2452 3134 uno,
2481 3067 2806 3122 universitas
2830 3065 3108 3122 sentienda
3132 3076 3236 3122 est.
3267 3065 3373 3120 Sed
3399 3067 3449 3121 in
3476 3067 3635 3121 unius
3663 3068 3796 3124 Adae
3834 3085 3930 3123 er-

631 3173 800 3226 venire
853 3173 1135 3236 scandala;
1202 3182 1562 3226 vernnttantem
1618 3187 1692 3224 ita
1731 3170 1923 3224 homini
1973 3170 2083 3234 illi,
2133 3162 2293 3239 ρενο
2328 3175 2451 3215 rOI'e
2479 3173 2641 3213 omne
2680 3157 2955 3212 hominum
3000 3172 3172 3226 genus
3219 3157 3520 3223 aberravit;
3577 3174 3704 3227 ergo
3752 3173 3929 3212 nona-

631 3282 776 3335 quem
806 3265 1104 3319 scandalum
1137 3269 1268 3320 venit
1289 3263 1478 3332 (Ibid.,
1525 3264 1603 3334 7).
1644 3263 1929 3318 Humilitas
1959 3261 2224 3333 passionis

633 3356 944 3409 scandalum
979 3357 1178 3409 mundo
1205 3366 1307 3410 est.
1339 3357 1392 3410 In
1425 3356 1527 3410 hoc
1548 3359 1691 3409 enim
1717 3356 1950 3409 maxime
1971 3355 2225 3424 ignoran-

642 3447 714 3500 tia
745 3446 1015 3500 detinetur
1043 3449 1297 3513 humaua,
1325 3447 1466 3516 quod
1510 3447 1613 3500 sub
1653 3445 1996 3504 deformitate
2045 3444 2223 3502 crucis

638 3545 855 3591 ictorum
879 3539 1064 3608 gloria:
1097 3537 1485 3606 Dominutn'(b)
1519 3537 1648 3594 nolit
1674 3538 1942 3605 accipere.
1990 3536 2056 3594 Et
2093 3535 2222 3604 quid

635 3629 835 3685 mundo
863 3639 968 3685 tam
999 3629 1383 3700 periculosum,
1425 3645 1583 3701 quam
1624 3645 1731 3683 non
1762 3627 2038 3698 recepisse
2067 3625 2226 3687 Chri-

633 3723 831 3782 stum?
893 3722 1268 3778 Verumtamen
1321 3724 1422 3778 sub
1485 3721 1717 3776 hominis
1781 3719 2222 3791 nuncupatione,

635 3825 912 3872 auctorem
937 3817 1173 3872 scandali
1190 3817 1348 3887 hujus
1367 3815 1650 3872 Judaicum
1676 3813 1932 3885 populum
1950 3813 2220 3882 designat,

637 3925 732 3979 per
758 3925 918 3978 quem
949 3924 1110 3964 omne
1164 3907 1267 3963 hoc
1298 3907 1498 3964 mundo
1531 3907 1824 3974 terioulum
1855 3914 2220 3976 comparatur,

637 4009 692 4053 ut
719 3999 987 4054 Christum
1023 4000 1074 4053 in
1105 4004 1353 4068 passione
1381 4000 1670 4069 abnegent,
1703 4013 1862 4067 quem
1887 3998 1973 4051 lex
2012 4005 2067 4052 et
2099 4011 2222 4065 pro-

637 4091 813 4162 pheta:
852 4093 1164 4162 passibilem
1215 4092 1659 4160 pradicaverunt.
1692 4090 1816 4147 Ideo
1844 4106 1970 4145 vero
2002 4103 2224 4147 necesse

634 4197 754 4238 esse
781 4186 856 4240 ait
879 4187 1062 4240 venire
1093 4186 1343 4242 scandala
1378 4203 1391 4238 ε
1431 4186 1554 4256 quia
1584 4184 1648 4240 ad
1681 4193 2078 4240 sacramentum
2105 4181 2228 4236 red-

634 4274 827 4329 dendae
873 4277 1027 4330 nobis
1055 4279 1390 4345 aeternitatis,
1423 4278 1600 4334 omnis
1632 4279 1683 4334 in
1714 4292 1781 4333 eo
1827 4275 2097 4346 passionis
2126 4274 2226 4330 hu-

641 4365 840 4424 milites
864 4376 1013 4422 esset
1048 4369 1334 4438 explenda.

2326 3254 2471 3323 ginta
2495 3267 2686 3307 novem
2727 3265 2831 3306 non
2859 3263 3128 3314 errantes,
3155 3251 3443 3306 multitudo
3467 3252 3784 3322 angelorum
3812 3268 3934 3308 em-

2327 3345 2538 3402 lestiutn
2567 3343 2835 3414 opinanda
2865 3352 2969 3409 est,
3015 3345 3212 3414 quibus
3255 3344 3307 3398 itt
3336 3347 3478 3400 caelo
3520 3356 3605 3400 est
3655 3347 3839 3401 latitia
3865 3358 3931 3402 et

2329 3455 2455 3495 cura
2495 3440 2685 3494 salutis
2715 3438 2985 3493 humanm.
3011 3436 3178 3507 Igitur
3231 3446 3285 3492 et
3322 3453 3572 3507 quaerens
3619 3438 3920 3504 hominem,

2326 3532 2570 3588 Christus
2605 3539 2724 3598 est;
2780 3539 2836 3586 et
2879 3529 3170 3599 nonaginta
3199 3545 3393 3586 novem
3443 3532 3634 3596 relicti,
3674 3531 3931 3586 caelestis

2330 3624 2516 3695 gloriae
2541 3623 2830 3678 multitudo
2853 3632 2937 3678 est
2989 3641 3001 3676 :
3053 3624 3139 3677 cui
3183 3637 3305 3678 cum
3355 3624 3590 3678 maximo
3617 3622 3810 3693 gaudio
3836 3639 3935 3678 er-

2329 3734 2457 3775 rans
2486 3719 2650 3774 homo
2673 3719 2724 3773 in
2759 3719 2967 3772 Domini
2998 3733 3226 3787 corpore
3255 3717 3333 3790 (f)
3361 3726 3444 3773 est
3474 3719 3693 3772 relatus.
3735 3719 3935 3773 Merito

2330 3813 2490 3881 igitur
2519 3811 2605 3866 hic
2628 3825 2884 3865 numerus
2916 3827 3013 3880 per
3043 3811 3272 3865 litteram
3308 3810 3384 3884 (g)
3415 3820 3470 3864 ct
3515 3811 3748 3866 Abrahae
3778 3813 3936 3866 addi-

2331 3916 2415 3959 tur
2434 3916 2492 3960 et
2516 3915 2922 3958 consummatur
2962 3903 3013 3956 in
3040 3904 3170 3959 Sara
3205 3921 3219 3956 :
3249 3919 3315 3958 ex
3343 3903 3542 3958 Abram
3573 3906 3717 3959 enim
3748 3906 3931 3958 Abra-

2331 3999 2452 4053 ham
2487 4008 2849 4066 nuncupatur,
2873 4007 2929 4052 et
2953 4012 3018 4052 ex
3047 3997 3200 4053 Sarni
3226 3997 3359 4052 Sara
3392 3998 3588 4067 accipit
3620 4013 3840 4052 nomen.
3864 3999 3928 4052 In

2331 4106 2438 4146 uno
2469 4092 2608 4146 enim
2652 4089 2922 4145 Abraham
2969 4105 3158 4144 omnes
3209 4105 3433 4144 sumus:
3463 4099 3518 4144 et
3544 4105 3641 4159 per
3682 4106 3800 4155 nos,
3832 4091 3930 4158 qui

2332 4199 2495 4237 unum
2551 4197 2739 4237 omnes
2784 4197 2990 4247 sumus,
3041 4180 3120 4254 (lt)
3152 4181 3391 4236 caelestis
3434 4181 3622 4251 gloria:
3675 4195 3937 4236 numerus

2336 4275 2640 4344 explendus
2660 4284 2762 4330 est.
2795 4274 2975 4344 Atque
3019 4274 3139 4329 ideo
3187 4283 3244 4330 et
3267 4282 3511 4329 creatura
3541 4275 3719 4334 omnis
3763 4275 3941 4346 759

2331 4369 2720 4426 revelationem
2749 4368 2980 4422 ﬁliorum
3016 4368 3112 4423 Dei
3141 4376 3418 4438 exspectat
3442 4387 3456 4422 :
3485 4376 3534 4422 et
3590 4367 3711 4422 ideo
3734 4382 3944 4434 conge-

711 4551 791 4622 (a)
829 4551 907 4607 lta
939 4552 992 4608 in
1022 4553 1274 4608 omnibus
1305 4567 1436 4608 mss.
1497 4551 1599 4608 nisi
1644 4549 1787 4620 quod
1838 4549 1890 4604 in
1938 4563 2046 4622 uno
2099 4549 2227 4604 Bec.
2258 4559 2311 4619 D
2341 4549 2571 4622 [inplicet
2604 4550 2687 4622 ad
2701 4508 2917 4622 Tabiana
2957 4547 3260 4622 loquentem,
3293 4546 3463 4622 angeli
3489 4547 3782 4622 desistente:
3820 4555 3947 4622 qua

640 4620 941 4696 pra'rtitum.
983 4625 1047 4678 At
1073 4625 1126 4680 in
1158 4625 1314 4680 editis
1336 4626 1512 4694 primo
1538 4630 1884 4694 prcestratum,
1927 4635 1990 4678 ac
2016 4620 2229 4676 demunt

645 4703 1116 4764 pra'monstralum.

713 4765 790 4837 (b)
831 4767 1162 4820 Auctoritate
1192 4781 1318 4822 mss.
1360 4765 1520 4820 Caro.
1550 4775 1604 4821 et
1630 4765 1782 4821 Colb.
1814 4762 2119 4817 restituitur
2139 4778 2232 4814 no-

641 4838 721 4903 lit,
751 4853 870 4892 cum
900 4837 1046 4904 prius
1074 4837 1339 4892 obtineret
1365 4839 1551 4893 noluit.

714 4909 786 4980 (c)
832 4909 888 4963 In
913 4908 1182 4963 nonnullis
1205 4923 1332 4962 mss.
1361 4911 1701 4978 aptissimum.

717 4999 794 5070 (ά)
837 4999 892 5053 in
920 5001 1228 5064 vulgatisac
1257 5000 1496 5068 pluribus
1523 5015 1679 5070 ωδε..
1720 4996 1904 5070 Angeli
1929 4996 2231 5070 pusillorum

644 5067 872 5142 praesunt
901 5071 1125 5138 ﬁdelium
1169 5067 1498 5124 orationibus.
1528 5069 1786 5142 Priscae
1807 5067 2036 5142 angelos,
2088 5076 2229 5130 etc.;

646 5140 819 5211 neque
847 5145 1021 5195 oratio
1051 5141 1161 5194 suis
1205 5142 1439 5195 numeris
1491 5140 1698 5194 ridetur
1741 5140 2010 5211 absoluta,
2055 5151 2230 5211 neque

645 5209 782 5267 bene
825 5229 891 5267 ex
937 5214 1185 5280 superius
1235 5212 1461 5279 sumptis
1510 5211 1780 5266 conclusa.
1844 5209 1920 5264 Ex
1967 5223 2034 5264 eo
2064 5210 2230 5272 enim,

644 5283 785 5353 quod
817 5283 991 5351 anguli
1024 5281 1337 5351 pusillorum
1374 5284 1534 5340 Deum
1561 5285 1760 5346 vident,
1798 5283 2038 5352 sequitur
2069 5294 2233 5353 ange-

644 5350 724 5407 los
759 5350 1070 5422 pusillorum
1104 5369 1244 5416 esse,
1277 5371 1476 5422 eosque
1508 5356 1670 5408 Deum
1720 5350 1942 5420 videre;
1991 5350 2083 5404 sed
2129 5364 2234 5422 non

645 5421 882 5480 indidem
909 5424 1140 5480 efﬁcitur
1167 5440 1260 5480 eos
1286 5442 1518 5495 pra-esse
1547 5426 1902 5481 orationibus.
1941 5426 2004 5495 At
2035 5421 2249 5495 ho_c__al_-

647 5507 818 5549 terum
861 5511 926 5548 ex
974 5497 1256 5550 occasione
1287 5492 1592 5566 superioris
1621 5494 1981 5551 conclusionis
2029 5492 2252 5561 suhjicit

655 5566 912 5641 Hilarius,
947 5581 1051 5641 non
1097 5575 1369 5641 tamquam
1421 5587 1486 5624 ex
1522 5570 1888 5641 superioribus
1914 5567 2252 5641 conclusum,

670 5636 766 5690 sed
799 5639 960 5691 veluti
991 5653 1085 5711 per
1113 5654 1171 5692 se
1198 5636 1251 5693 in
1277 5641 1566 5711 Scriptnris
1590 5636 1876 5711 'manileste
1903 5636 2260 5711 comprehcn-

678 5721 818 5779 sum,
853 5718 977 5779 puta
1008 5706 1174 5779 Apoc.
1199 5726 1311 5777 riu,
1343 5706 1510 5779 5,'vel
1537 5713 1695 5768 etiam
1724 5710 1857 5766 Tob.
1900 5725 1999 5777 xu,
2033 5706 2060 5764 7i
2075 5710 2127 5774 5,
2156 5719 2263 5779 quo

678 5777 912 5842 pertinet
963 5776 1090 5831 illud
1125 5789 1258 5834 tract
1289 5776 1392 5851 ps.’
1424 5797 1550 5850 cxx,
1600 5799 1652 5836 n.
1683 5783 1714 5835 7
1746 5781 1946 5846 :Sunt,
1990 5776 2267 5835 secundum

2341 4616 2622 4675 claritatem
2653 4619 2765 4680 Dei,
2790 4631 2835 4672 et
2863 4620 3116 4674 orationes
3137 4619 3518 4686 deprecantium
3550 4617 3617 4668 ad
3656 4616 3818 4668 Deum
3835 4616 3947 4669 ’ἀε-

2340 4695 2574 4760 ferentes.
2603 4690 2735 4744 Hinc
2761 4695 2815 4743 et
2836 4688 3223 4760 Tertttlltanus,
3251 4686 3316 4741 tle
3338 4688 3486 4760 Otjat.
3521 4704 3573 4740 n.
3612 4687 3700 4760 12,
3746 4688 3949 4739 oratio-

2340 4757 2419 4815 nis
2441 4763 2677 4831 angelum
2723 4759 2983 4828 agnoscit.
3012 4759 3162 4831 Quae
3187 4773 3364 4831 auient
3402 4758 3487 4831 hic
3531 4757 3698 4826 magis
3749 4761 3942 4810 arrisit

2340 4827 2527 4897 lectio,
2549 4827 2839 4886 exhibetur
2865 4845 2932 4883 ex
2962 4845 3094 4883 mss.
3125 4829 3283 4883 Colb.
3312 4839 3365 4882 et
3398 4827 3561 4882 Carn.

2415 4923 2486 4994 (ε)
2529 4921 2708 4978 Prima
2739 4922 2900 4978 editio
2929 4920 3051 4976 Par.
3085 4936 3207 4975 cum
3239 4920 3445 4989 aliquot
3490 4935 3619 4973 mss.
3669 4933 3952 4971 conversa-

2341 4995 2495 5048 tione.

2411 5062 2491 5134 (Ῑ)
2527 5063 2660 5132 Quia
2707 5063 2957 5118 nimirum
2985 5060 3255 5126 Christus,
3283 5075 3346 5116 ex
3390 5074 3495 5134 quo
3551 5067 3788 5111 naturam
3827 5060 3955 5134 uni-

2337 5132 2492 5189 versa!
2515 5138 2681 5188 carnis
2716 5135 3012 5199 assumpsit,
3047 5149 3203 5204 genus
3231 5134 3285 5186 in
3313 5149 3364 5186 se
3388 5132 3671 5204 univergw_
3690 5132 3950 5199 propagi-

2338 5208 2416 5260 nis
2473 5214 2630 5270 teuet,
2678 5212 2733 5257 ut
2781 5198 3005 5257 hahetur
3047 5198 3107 5258 in
3141 5204 3273 5272 psal.
3310 5219 3380 5268 LI,
3414 5217 3466 5254 n.
3517 5198 3753 5272 l_5._lluc
3788 5198 3954 5266 spec-

2338 5284 2413 5331 tat
2460 5275 2589 5329 illud
2618 5268 2898 5329 'Atnbrosii
2941 5275 3014 5328 lib
3047 5268 3153 5338 vn,
3182 5273 3234 5326 itt
3268 5273 3393 5326 an.
3429 5288 3482 5324 n.
3520 5269 3627 5325 208
3665 5286 3679 5322 :
3712 5268 3958 5328 Christus

2352 5357 2399 5402 te
2443 5363 2534 5400 suo
2563 5362 2773 5415 corpore
2821 5346 2972 5407 vehit,
3012 5345 3101 5409 qui
3156 5353 3241 5415 tua
3282 5345 3333 5396 in
3359 5359 3427 5415 se
3450 5350 3660 5415 peccata
3696 5343 3955 5415 suscepit.

2427 5418 2503 5502 ta.)
2546 5416 2598 5470 ιιι
2631 5411 2743 5502 69'“.
2770 5414 3283 5502 edi.“"n¢P=3r-.'ii¢,
3305 5411 3776 5502 athletaein“;
3794 5411 3958 5502 95:99

2355 5481 2566 5560 quidem
2601 5488 2811 5542 videtur
2831 5487 3041 5554 deesse,
3070 5484 3164 5539 sed
3196 5498 3540 5555 suppressum
3564 5481 3723 5535 facile
3752 5482 3963 5536 intelli-

2396 5563 2520 5614 itur.

2359 5577 2524 5706 guiii
2569 5630 2922 5706 lta‘Pleriqtte.
2968 5641 3118 5706 mss-ﬁ
3145 5625 3283 5706 [‘3th
3331 5637 3768 5706 πατοεμτηητεθε
3796 5621 3959 5679 ωδ·

2376 5694 2534 5758 Boni.
2560 5713 2616 5758 et
2639 5694 2800 5758 Caro.
2828 5694 3041 5755 Emlestis
3070 5697 3315 5753 Ecclesia’
3340 5713 3358 5750 :
3382 5695 3522 5765 quod
3562 5703 3613 5747 et
3639 5694 3803 5748 nobis
3833 5710 3966 5765 pro-

2373 5775 2608 5844 baretur,
2642 5773 2746 5831 nisi
2773 5787 2935 5846 supra
2973 5772 3294 5846 legeremus,
3337 5766 3616 5843 nonaginta
3645 5781 3830 5823 novem
3873 5782 3964 5822 re-
