4222 6262
332 332 464 387 1621

1232 321 1766 382 COMMENTARIUS
1808 320 1870 376 lN
1910 319 2333 377 MATTIIIEUM.
2375 319 2525 377 CAP.
2567 321 2752 377 XVIII.

3472 321 3608 377 102:2

331 445 583 502 ntiscitet
613 442 786 508 dolet,
809 448 865 495 ut
894 455 1170 505 numerus,
1209 440 1299 510 qui
1355 454 1450 508 per
1484 438 1642 508 alpha
1694 435 1925 491 Abrahae
1956 442 2007 502 Α
2033 435 2146 506 pari
2173 435 2363 505 spiritu
2384 450 2446 491 ac
2471 437 2744 493 voluntate
2761 436 2969 492 collecti
3005 438 3130 501 sint,
3179 436 3246 490 ibi
3277 451 3335 490 se
3379 439 3611 494 medium

327 537 542 593 additus
562 543 671 599 est,
706 543 762 590 et
783 535 873 603 qui
906 535 986 602 (a)
1010 534 1060 586 in
1082 530 1239 601 alpha
1264 538 1670 586 consummatus
1699 527 1753 582 in
1790 527 1923 583 Sara

326 638 430 695 est,
463 631 528 682 ad
565 627 844 682 caelestem
863 625 1305 688 constitutionem
1336 625 1674 678 incremento
1693 617 1919 674 credeno

329 721 464 776 tium
496 719 806 787 impleatur.

401 814 456 866 7.
498 809 853 880 Correptionis
889 806 1020 861 ordo
1049 809 1103 860 in
1142 804 1355 861 Juda'os
1384 823 1415 860 a
1446 805 1556 859 Deo
1577 812 1824 859 servatus.
1856 827 1927 846 --

275 955 280 960 .
327 905 482 970 Quod
519 905 562 957 si
585 902 862 971 peccaverit
898 902 952 954 in
977 910 1024 955 te
1063 904 1220 970 frater
1269 909 1408 967 tuus,
1458 899 1586 954 vade
1624 906 1669 952 et
1723 899 1925 967 corripe

325 1011 456 1060 estin,
487 1003 542 1050 et
568 995 769 1064 reliqua
798 992 988 1067 (Ibid.,
1018 992 1130 1064 15).
1161 993 1292 1046 Eum
1316 992 1560 1047 ordinem
1586 989 1926 1046 continendae

330 1086 610 1142 charitatis
647 1087 803 1150 nobis
859 1085 1115 1139 Dominus
1168 1082 1445 1152 imposuit,
1501 1099 1658 1153 quem
1708 1083 1824 1154 ipse
1869 1083 1922 1136 in

331 1177 704 1236 conservando
734 1176 902 1232 Israel
933 1184 1181 1231 tenuerat
1213 1174 1356 1248 (Leu.
1405 1190 1518 1240 xtx,
1563 1171 1654 1243 18)
1712 1190 1725 1226 :
1772 1171 1927 1242 jubet

331 1273 473 1327 enim
498 1274 813 1340 peccantem
845 1267 1063 1321 fratrem
1094 1267 1162 1320 ab
1188 1281 1255 1321 eo
1284 1267 1421 1330 solo,
1455 1267 1508 1319 in
1540 1280 1696 1335 quem
1739 1278 1927 1334 perca-

328 1363 488 1428 verit,
519 1360 720 1430 corripi
743 1371 903 1430 atque
925 1358 1217 1429 obiurgari.
1275 1357 1394 1426 Ipse
1435 1359 1576 1413 enim
1617 1355 1927 1410 sacrifican-

329 1465 438 1512 tem
467 1455 570 1509 diis
591 1453 788 1509 alienis
834 1453 1095 1523 populum
1141 1450 1444 1515 Iudaicum,
1495 1448 1787 1518 maiestatis
1813 1461 1926 1502 sum

327 1548 585 1610 adventu,
608 1555 663 1601 et
696 1553 807 1599 toto
849 1544 1129 1613 praesentis
1172 1543 1454 1613 potestatis
1512 1551 1720 1595 terrore
1758 1539 1928 1594 corri-

328 1639 807 1713 puit(b).Ettum,
835 1653 956 1692 cum
1002 1637 1143 1691 idem
1179 1635 1408 1705 populus
1453 1631 1528 1706 (c)
1569 1633 1660 1688 Dei
1706 1631 1928 1702 propin-

329 1735 546 1804 quantis
567 1733 886 1794 adventum,
918 1740 1068 1785 extra
1096 1738 1335 1785 montem
1371 1727 1497 1783 licet
1525 1726 1751 1796 positus,
1782 1725 1925 1781 ferre

2026 543 2208 584 eorum
2233 529 2556 598 polliceatur
2583 529 2841 584 futurum.
2867 531 2988 599 ipse
3012 529 3156 584 enim
3188 545 3287 599 pax
3306 539 3466 599 atque
3484 532 3581 586 cita
3598 562 3617 574 ο

2025 621 2177 686 ritas,
2207 621 2388 676 sedem
2419 631 2577 691 atque
2600 623 2762 693 760
2791 622 3168 676 habitationem
3193 623 3245 676 in
3269 621 3422 676 bonis
3443 631 3490 677 et
3521 637 3615 700 pa-

2025 713 2196 768 citlcis
2223 715 2587 768 voluntatibus
2612 715 2913 769 collocabit.

2098 804 2185 858 10.
2217 801 2357 858 Dens
2385 805 2493 859 sine
2513 806 2665 860 modo
2693 806 2837 860 nobis
2861 807 3147 876 ignoscens,
3179 807 3284 860 uult
3315 816 3361 860 et
3389 824 3482 862 nos
3511 810 3620 865 sine

2026 895 2177 948 modo
2197 895 2315 949 aliis
2341 897 2615 966 ignoscere.
2651 895 2712 951 In
2735 896 2861 951 Cain
2895 899 3286 966 homicidarum,
3316 901 3369 952 in
3397 899 3619 956 Lamech

2031 987 2354 1041 Deicidsrum
2401 1005 2549 1058 paena
2583 998 2656 1043 est
2700 989 3403 1056 adumbrata.—Qn:erenti
3427 992 3623 1048 deinde

2027 1080 2210 1146 Petro,
2240 1097 2308 1135 an
2340 1083 2577 1150 peccanti
2630 1084 2682 1136 in
2739 1097 2800 1136 se
2849 1081 3000 1137 fratri
3047 1083 3245 1152 septies
3286 1085 3619 1154 remitteret,

2026 1175 2342 1246 respondit:
2375 1175 2497 1230 Non
2521 1193 2678 1247 usque
2716 1177 2919 1246 septies,
2964 1176 3055 1230 sed
3102 1193 3259 1246 usque
3310 1179 3622 1252 septungies-

2025 1272 2211 1340 septies
2243 1268 2449 1342 (Ibid,
2481 1270 2545 1325 2i
2585 1281 2633 1324 et
2667 1270 2740 1324 22
2769 1269 2811 1341 ).
2861 1268 3016 1324 Omni
3073 1271 3232 1324 modo
3271 1271 3335 1324 ad
3373 1271 3623 1325 similitu-

2026 1363 2205 1419 dinem
2241 1379 2341 1419 nos
2368 1365 2687 1418 humilitatis
2718 1379 2780 1419 ac
2831 1364 3084 1418 bonitatis
3137 1379 3248 1418 suae
3290 1365 3526 1430 instruit,
3570 1374 3624 1421 et

2028 1456 2334 1511 molliendis
2383 1472 2445 1511 ac
2479 1457 2788 1526 frangendis
2833 1457 3161 1511 turbidorum
3215 1467 3452 1512 motuum
3499 1473 3625 1512 ιιοέ-

2027 1555 2232 1602 trorum
2255 1549 2477 1612 aculeis,
2503 1548 2878 1618 placabilitatis
2902 1565 3012 1602 suae
3035 1548 3316 1603 confirmat
3336 1549 3618 1618 exemplo:

2026 1641 2224 1710 quippe
2254 1651 2596 1712 peccatorum
2643 1643 2884 1694 omnium
2939 1637 3149 1694 veniam
3190 1656 3286 1707 per
3316 1640 3473 1694 fidem
3523 1642 3621 1697 trio

2024 1733 2217 1789 buens.
2262 1732 2444 1804 Neque
2471 1734 2613 1788 enim
2655 1745 2862 1788 natura:
2905 1744 3106 1788 nostra}
3160 1732 3286 1788 vitia
3340 1731 3622 1798 indulgen-

328 1839 435 1882 non
471 1825 640 1896 potuit
665 1822 767 1893 (tl),
804 1822 1132 1878 inobedienti
1183 1821 1343 1876 etiam
1369 1835 1534 1874 unum
1587 1828 1748 1889 atque
1791 1818 1928 1873 duos
1955 1818 2004 1878 B
2034 1827 2161 1881 tiam
2196 1827 2558 1881 merebantur.
2587 1826 2725 1896 Ergo
2758 1825 2908 1880 venia
2963 1825 3136 1879 omnis
3168 1842 3231 1879 ex
3264 1841 3327 1879 eo
3355 1834 3438 1879 est
3463 1842 3474 1878 :
3498 1840 3620 1880 cum

324 1919 485 1991 jussit
533 1919 804 1984 adhiberi,
831 1925 894 1972 ut
922 1918 975 1972 in
1007 1930 1102 1971 ore
1130 1915 1292 1970 duum
1335 1916 1564 1970 .testittm
1611 1913 1744 1970 fides
1777 1913 1924 1968 vet-bi

327 2027 390 2068 ac
408 2012 611 2067 veritas
653 2017 868 2065 maneat
900 2027 912 2063 :
952 2008 1071 2079 quia
1121 2007 1376 2062 insolenti
1422 2005 1588 2061 lsrael
1618 2007 1703 2061 lex
1726 2013 1782 2060 et
1803 2020 1925 2075 prn-

327 2107 508 2179 pltetas
533 2114 590 2162 et
615 2105 847 2162 Joannes
872 2113 954 2160 est
980 2103 1201 2170 missus,
1223 2103 1561 2174 testibusque
1588 2103 1704 2158 istis
1727 2111 1785 2157 ut
1806 2117 1927 2172 pec-

329 2213 459 2254 care
486 2198 761 2254 desineret
789 2206 1089 2252 conventus
1117 2206 1220 2259 est.
1254 2198 1416 2253 tertio
1439 2197 1558 2264 ipso
1589 2195 1797 2248 Domini
1832 2193 1927 2247 ad-

327 2299 516 2354 ventu,
546 2297 814 2360 tamquam
841 2297 982 2344 cmtn
1016 2288 1272 2344 Ecclesiae
1316 2287 1687 2357 inspectantis,
1738 2286 1927 2340 admo-

330 2383 478 2440 nitus
502 2390 586 2438 est
639 2400 652 2436 :
711 2381 1022 2451 frustraque
1071 2381 1266 2436 habitis
1311 2381 1396 2436 his
1440 2379 1925 2451 objurgationibus,

331 2472 599 2544 publicani
629 2479 721 2528 aut
742 2472 938 2527 ethnici
966 2473 1170 2527 vilitate
1199 2473 1504 2543 negligitur.

403 2566 457 2619 8.
503 2562 722 2636 Ligandi
751 2573 798 2618 et
846 2563 1076 2619 solvendi
1113 2575 1334 2635 potestas
1369 2565 1618 2636 apostolis
1673 2563 1813 2617 data.
1847 2565 1916 2604 '—

337 2655 417 2712 Ad
448 2665 708 2711 terrorem
739 2666 920 2712 autem
966 2669 1144 2711 metus
1187 2657 1428 2723 maximi,
1470 2671 1576 2726 quo
1607 2657 1656 2710 in
1689 2670 1928 2727 praesens

335 2761 525 2804 omnes
564 2748 997 2813 continerentur,
1052 2747 1326 2804 immobile
1357 2750 1661 2804 severitatis
1713 2757 1930 2818 aposto-

332 2839 454 2894 litxc
479 2839 738 2909 judicium
771 2839 1024 2909 prtemlsit
1060 2858 1073 2894 :
1103 2850 1160 2894 ιιι
1185 2854 1323 2912 quos
1365 2841 1415 2894 in
1445 2842 1605 2895 terris
1645 2841 1930 2913 llgavcrint

336 2929 389 2987 id
411 2940 512 2996 est,
537 2941 879 3002 peccatorum
904 2932 1057 2988 nodis
1088 2934 1314 2988 innexos
1339 2934 1668 3005 reliquerint,
1715 2946 1767 2990 et
1793 2951 1929 3006 quos

335 3025 612 3093 solverint,
645 3024 715 3099 (ε)
745 3026 1088 3083 confessione
1130 3027 1380 3083 videlicet
1422 3031 1593 3084 veniae
1624 3031 1929 3101 receperint

335 3118 389 3172 in
419 3117 642 3172 salutem
691 3116 930 3184 (Matth.,
959 3127 1108 3188 xvnt,
1144 3119 1268 3194 18);
1304 3121 1357 3175 hi
1390 3123 1700 3193 apostolica:
1743 3124 1927 3179 condi-

2026 1919 2187 1973 etiam
2236 1933 2297 1972 ea
2342 1934 2459 1986 (ιιιιιι
2490 1918 2541 1970 in
2574 1933 2631 1971 se
2663 1918 2769 1971 sint
2797 1928 3036 1985 peccata,
3070 1925 3190 1986 post
3225 1914 3454 1971 reditum
3493 1931 3621 1970 con-

2025 2010 2276 2065 fessionis
2301 2009 2593 2080 indulgeat.
2627 2007 2893 2064 Solvcnda
2922 2008 3137 2078 quidem
3170 2022 3265 2078 per
3295 2006 3424 2062 Cain
3457 2021 3612 2076 postia

2025 2103 2078 2157 iit
2107 2101 2409 2172 septuplum
2439 2102 2724 2156 constituta
2751 2111 2832 2156 est
2853 2099 2874 2173 (
2896 2098 3026 2155 Gen.
3062 2116 3142 2167 tv,
3169 2100 3241 2153 Ἡ
3275 2103 3292 2168 )
3329 2118 3340 2153 :
3375 2101 3467 2154 sed
3498 2114 3620 2170 pec-

2025 2203 2204 2249 catum
2247 2193 2376 2248 illttd
2422 2193 2474 2247 in
2509 2193 2777 2246 hominem
2821 2200 2904 2246 est
2937 2208 2951 2256 ;
2983 2192 3034 2246 ιιι
3063 2191 3196 2246 Abel
3227 2191 3368 2245 enim
3393 2189 3615 2247 fratrem

2024 2296 2306 2358 peccatum
2350 2299 2520 2353 usque
2549 2283 2613 2337 ad
2647 2297 2832 2337 necem
2887 2281 3079 2337 fuerat.
3130 2282 3234 2337 Sed
3285 2280 3337 2335 in
3385 2280 3619 2336 Lamech

2027 2379 2344 2450 supplicium
2372 2393 2540 2448 usque
2570 2376 2634 2431 ad
2664 2377 2970 2448 septuagies
3017 2385 3069 2430 et
3105 2378 3302 2446 septies
3347 2385 3430 2432 est
3481 2391 3617 2432 con-

2028 2474 2273 2529 Stitutum
2302 2489 2314 2536 ;
2347 2482 2398 2527 et
2423 2472 2473 2525 in
2505 2486 2592 2538 eo,
2618 2479 2871 2540 quantum
2905 2469 3298 2535 existimamus,
3327 2471 3617 2524 constituta

2031 2569 2084 2622 in
2107 2574 2355 2623 auctores
2383 2565 2666 2621 dominica:
2697 2564 2963 2635 passionis
3011 2573 3095 2620 est
3128 2578 3304 2634 poena.
3351 2563 3455 2619 Sed
3519 2565 3623 2619 Do-

2031 2660 2208 2714 minus
2237 2674 2333 2728 per
2355 2657 2747 2713 confessionem
2796 2656 3127 2712 credentium
3179 2654 3336 2724 hujus
3377 2655 3618 2712 criminis

2031 2753 2245 2808 veniam
2295 2751 2537 2822 largitur,
2587 2750 2636 2804 id
2685 2758 2787 2814 est,
2838 2764 2932 2820 per
2974 2747 3222 2818 baptismi
3279 2764 3473 2802 munus
3522 2747 3657 2803 ob?

2036 2844 2413 2899 trectatoribus
2460 2856 2523 2896 ac
2571 2840 3005 2912 persecutoribus
3039 2839 3264 2912 gratiam
3307 2838 3496 2893 salutis
3540 2837 3622 2891 in-

2032 2937 2249 3008 dulget:
2279 2945 2479 3008 quanto
2525 2936 2695 3007 magis
2749 2915 3000 3004 Oport°eie
3045 2932 3279 2987 ostendit
3308 2933 3424 2986 sine
3460 2929 3620 2986 modo

2031 3047 2094 3088 ac
2135 3046 2358 3086 numero
2407 3030 2616 3086 veniam
2665 3046 2692 3081 ιι
2745 3028 2898 3082 nobis
2946 3041 3065 3082 esse
3111 3024 3462 3092 reddendam,
3518 3039 3617 3078 nec

2033 3123 2374 3196 cogitandum
2407 3123 2655 3194 quotiens
2689 3121 3059 3185 remittamus;
3084 3117 3176 3175 sed
3201 3116 3435 3190 (supple,
3462 3131 3622 3186 opt-r-

334 3210 480 3264 tione
509 3213 792 3266 sententia:
813 3211 864 3267 in
893 3212 1047 3268 caelis
1075 3227 1291 3285 quoque
1338 3223 1430 3269 aut
1473 3215 1629 3271 soluti
1680 3215 1788 3271 sint
1835 3225 1927 3273 aut
1954 3214 2000 3279 C
2033 3226 2147 3273 tere
2179 3216 2198 3289 )
2251 3225 2307 3270 ut
2330 3215 2485 3271 irasci
2517 3215 2600 3268 his
2623 3213 2711 3286 qui
2743 3213 2794 3267 in
2823 3228 2919 3266 nos
2948 3219 3193 3281 peccant,
3216 3211 3462 3282 quotiens
3488 3211 3622 3263 iras-

334 3304 500 3376 ligati.

406 3395 459 3449 9.
505 3393 727 3450 Unitatis
765 3398 944 3451 merito
978 3397 1052 3452 nil
1087 3410 1236 3469 negat
1287 3397 1447 3454 Deus.
1500 3431 1572 3440 —
1616 3398 1670 3455 In
1721 3409 1925 3456 tantum

335 3486 496 3558 igitur
532 3488 779 3543 humanae
824 3489 969 3558 pacis
997 3490 1196 3544 studuit
1245 3493 1571 3556 concordiae,
1618 3502 1674 3548 ut
1706 3495 1926 3550 unitatis

340 3581 534 3633 merito
557 3581 755 3645 omnia,
794 3594 914 3650 quae
944 3595 972 3634 a
1005 3580 1114 3636 Deo
1141 3582 1404 3653 precanda
1429 3585 1556 3648 sint,
1591 3585 1924 3656 impetranda

341 3685 463 3725 esse
489 3665 770 3725 confirmet
797 3669 984 3742 (Ibid.,
1013 3673 1078 3728 19
1110 3682 1155 3727 et
1168 3673 1296 3746 20);
1327 3687 1381 3730 et
1401 3675 1491 3730 ubi
1510 3675 1790 3748 duoatque
1818 3687 1924 3732 tres

335 3833 461 3888 (icti.
493 3831 704 3885 cmlestis
727 3831 904 3903 gloriae
926 3834 1199 3887 multitudo
1226 3843 1318 3888 est.
1349 3835 1515 3889 Paulo
1551 3843 1675 3890 ante
1706 3837 1756 3889 in
1785 3850 1915 3891 mss.

331 3903 486 3977 _Co|b.
509 3912 564 3957 et
590 3903 778 3977 Carm,
807 3920 960 3977 super
980 3921 1091 3967 nos,
1123 3919 1226 3958 non
1257 3922 1347 3977 per
1377 3923 1488 3977 nos.
1523 3905 1712 3977 [anno
1749 3906 1919 3962 Abra-

334 3974 455 4028 ham
486 3989 671 4045 m_nncs
704 3972 887 4027 fideles
916 3985 1041 4028 sunt
1087 3972 1356 4044 tamquam
1407 3975 1457 4029 in
1509 3975 1689 4030 radice
1735 3992 1796 4030 ac
1830 3990 1920 4045 pa-

331 4043 649 4120 rente._lpse
679 4053 758 4096 est
783 4045 951 4120 enim,
985 4043 1278 4120 secundum
1325 4045 1809 4120 apostolnniRom,
1830 4043 1915 4120 iv,

331 4116 391 4169 11
435 4134 446 4167 :
494 4113 650 4167 Pater
680 4114 908 4167 omnium
960 4115 1294 4178 credentium,
1344 4113 1398 4170 et
1437 4117 1732 4171 secundum
1769 4113 1917 4171 Hila;

329 4186 468 4267 rium
517 4194 758 4238 nostrum
792 4186 845 4238 in
901 4186 1017 4256 psal
1065 4201 1282 4253 cxxxtv,
1317 4203 1370 4240 η.
1424 4188 1477 4254 5,
1528 4189 1760 4260 princeps
1789 4190 1920 4242 elec-

329 4258 499 4311 tionis.
1531 4258 1536 4259 ⁷
1629 4273 1631 4278 ί

403 4325 500 4398 (αλ
523 4323 675 4385 BarL.
709 4325 829 4398 Er.,
855 4323 1002 4395 Lips.
1031 4341 1153 4398 cum
1179 4341 1310 4398 mss,
1340 4323 1541 4384 Turon.
1578 4339 1632 4384 et
1657 4327 1819 4384 Carn.
1867 4328 1919 4384 in

327 4395 716 4478 rlto.;Pieritlue
744 4397 832 4450 alii
867 4411 996 4450 mss.
1030 4397 1082 4450 in
1128 4414 1206 4478 ra.
1245 4395 1416 4478 Nemo
1472 4415 1578 4453 non
1632 4399 1776 4478 ridet
1834 4399 1921 4456 hic

327 4467 524 4538 respici
558 4467 819 4538 rationem
853 4467 1326 4538 numerandiapud
1373 4469 1591 4524 Graecos
1638 4469 1912 4537 usitatam,

328 4538 466 4606 apud
500 4552 634 4606 quos
672 4537 830 4606 alpha
859 4537 1176 4608 principium
1220 4537 1302 4594 est
1344 4555 1690 4596 numerorum
1721 4551 1774 4595 et
1804 4543 1923 4598 nni-

329 4616 493 4664 tatem
522 4609 783 4677 designat.

515 4649 951 4744 Ediiiﬁucoiripuit
971 4687 1101 4743 tum,
1127 4679 1320 4734 omissa
1351 4680 1609 4747 particula
1636 4691 1709 4748 et,
1751 4697 1910 4750 quam
1942 4649 1996 4708 Ῑ)

329 4752 641 4818 supplemus
665 4764 728 4802 ex
757 4766 848 4804 sex
870 4765 997 4804 mss.
1033 4765 1203 4818 eaque
1244 4751 1547 4806 declaratur
1586 4752 1722 4807 alter
1756 4753 1910 4816 ordo,

328 4835 487 4888 quem
532 4822 584 4873 in
622 4819 929 4874 .ludzeornm
971 4823 1312 4890 correptione
1342 4821 1479 4875 Deus
1509 4824 1700 4875 tenuit.
1735 4822 1915 4877 Primo

327 4892 471 4964 enim
500 4905 593 4945 eos
642 4905 743 4964 per
767 4904 825 4944 se
858 4896 1081 4956 terruit,
1115 4907 1176 4964 ac
1205 4901 1314 4945 tum
1346 4894 1424 4945 sui
1459 4891 1799 4964 impatientes
1824 4909 1919 4964 per

327 4960 499 5033 legem
518 4972 586 5033 et;
601 4962 890 5033 prophetas
911 4963 1191 5033 corripuit,
1216 4971 1486 5024 postremo
1499 4962 1716 5017 eosdem
1735 4960 1920 5018 admo-

328 5030 441 5086 ntiit
474 5035 523 5086 in
553 5030 790 5095 Christo,
825 5033 876 5084 itt
905 5049 1010 5102 quo
1034 5030 1122 5101 per
1147 5044 1383 5087 naturain
1408 5035 1627 5099 suscepti
1666 5035 1918 5102 corporis,

330 5103 562 5172 quaedam
575 5104 794 5179 universi
810 5104 1013 5227 generis
1030 5102 1242 5158 humani
1264 5105 1888 5178 congregatioﬂcontinetur
1905 5147 1920 5174 ,

330 5184 384 5227 ut
413 5174 636 5227 habetur
665 5187 783 5227 can.
850 5215 864 5227 .
889 5190 944 5227 ιι.
978 5174 1066 5227 12.

328 5184 384 5227 ιιι
413 5174 636 5228 habetur
665 5174 783 5230 ca'o.
810 5174 864 5236 ι,
889 5190 944 5228 ιι.
978 5174 1066 5229 12.

401 5243 473 5316 (c)
498 5245 550 5298 In
580 5259 682 5297 ms.
712 5241 966 5299 Beccensi
992 5287 1006 5310 ,
1042 5244 1140 5298 Dei
1162 5247 1487 5318 rmajestatem
1516 5245 1926 5318 propinquantis

329 5315 646 5386 adorantem
670 5354 684 5378 ,
734 5327 877 5368 extra
906 5327 1126 5369 montem
1154 5315 1290 5378 licet,
1321 5329 1450 5382 etc.,
1479 5315 1743 5386 glossema
1775 5357 1792 5384 ,
1840 5315 1924 5370 cui

328 5385 489 5439 lectio
513 5399 642 5439 mss.
667 5386 1045 5453 quorumdam,
1075 5387 1141 5438 ad
1169 5396 1386 5441 montem
1414 5387 1531 5440 loco
1562 5388 1708 5442 vocis
1735 5388 1922 5441 adven-

328 5466 435 5508 tum
462 5453 850 5522 oxhihentinm,
886 5456 1062 5510 locum
1089 5457 1260 5512 dedit.

402 5526 554 5598 (diln
581 5525 828 5598 vulgatis,
853 5531 984 5598 ferre
1002 5544 1104 5581 non
1128 5528 1288 5597 potuit
1305 5525 1720 5590 inobedientiam,
1745 5543 1928 5592 unum,

331 5593 436 5651 ctc'.
469 5593 810 5652 Przeferimus
845 5593 966 5652 cum
999 5593 1136 5652 mss.
1162 5599 1550 5654 sincerioribus
1571 5640 1584 5661 ,
1620 5598 1931 5654 inobedienti

332 5667 509 5731 etiam,
557 5667 698 5738 quod
733 5669 1022 5738 respondet
1061 5669 1240 5724 verbis
1268 5667 1612 5738 evangelicis,
1661 5669 1797 5738 Site
1828 5685 1930 5728 non

342 5736 1109 5818 audierit.'.llujus‘lectionis
1160 5741 1276 5799 loco
1324 5736 1506 5804 caeteri
1553 5753 1683 5798 mss.
1731 5736 1933 5804 habent

331 5807 723 5870 inaudientiam.

2033 3311 2187 3367 cendi
2209 3309 2507 3364 necessitas
2536 3307 2833 3372 exstiterit,
2867 3303 3219 3362 desinamus?
3271 3303 3402 3371 Quae
3441 3301 3622 3372 utique

2031 3402 2203 3458 venite
2233 3401 2520 3456 assiduitas
2564 3398 2742 3463 docet,
2788 3397 2992 3451 nullum
3048 3395 3269 3450 omnino
3330 3410 3493 3466 penes
3523 3409 3620 3447 no»;

2029 3491 2124 3547 ine
2156 3500 2364 3561 tempus
2395 3505 2514 3546 esse
2537 3496 2786 3560 oportere
2813 3507 2826 3542 :
2871 3487 3084 3558 quando
3129 3487 3368 3541 omnium
3401 3484 3621 3540 Omnino

2031 3585 2398 3657 peccaminum
2444 3584 2655 3638 veniam
2688 3582 2828 3637 Deus
2849 3581 3005 3636 nobis
3041 3595 3139 3633 suo
3169 3580 3346 3649 potius
3374 3592 3616 3642 munere,

2027 3693 2184 3750 quam
2212 3688 2398 3732 nostro
2438 3676 2628 3732 merito
2669 3675 2946 3746 largiatur.
2981 3672 3162 3742 Neque
3211 3672 3351 3725 enim
3395 3671 3472 3724 fas
3515 3677 3619 3734 est,

2098 3837 2167 3905 (ε)
2197 3836 2447 3900 llallzeus,
2489 3835 2581 3889 lib.
2615 3850 2671 3889 ιιι
2711 3834 2776 3888 de
2800 3832 3062 3905 Conf.,_c.
3093 3831 3148 3905 9,
3183 3831 3270 3885 hic
3299 3833 3616 3886 concessione

2022 3902 2182 3961 venite
2207 3906 2633 3962 sobstituendum
2658 3903 2950 3958 cootendit.
2977 3902 3256 3958 Reclamat
3276 3911 3458 3956 contra
3485 3919 3535 3954 v.
3563 3916 3612 3956 c.

2025 3977 2278 4040 Jacobus,
2314 3977 2535 4033 Boileau
2565 3976 2680 4030 llist
2714 3974 2781 4028 de
2808 3975 2962 4028 Cani.
2990 3973 3155 4026 :utric.
3175 3987 3224 4026 c.
3253 3972 3304 4037 8,
3343 3972 3470 4026 nihil
3494 3987 3615 4026 esse

2024 4047 2449 4111 immutandum;
2483 4057 2571 4100 aut
2601 4047 2644 4100 si
2681 4044 2806 4115 quid
2855 4042 3164 4098 mutandum
3198 4042 3287 4115 sit,
3320 4042 3462 4115 venia
3492 4044 3610 4095 loco

2021 4119 2181 4174 venite
2220 4119 2500 4185 legendum
2545 4133 2664 4171 esse
2685 4112 2710 4182 ;”
2734 4125 2790 4170 tit
2817 4115 3066 4168 nimirum
3097 4113 3364 4169 confessio
3400 4112 3608 4185 dicatur

2024 4189 2217 4254 veniat,
2250 4183 2369 4258 quia
2401 4190 2566 4258 venia:
2596 4189 2664 4240 sit
2693 4201 2874 4258 causa,
2903 4202 2967 4258 ea
3015 4185 3218 4238 ratione
3247 4199 3363 4258 qua
3389 4185 3439 4238 itt
3474 4183 3606 4258 psai.

2024 4252 2212 4320 cxvut,
2241 4252 2293 4314 [ι’.
2348 4260 2434 4326 15,
2467 4257 2533 4312 de
2565 4257 2873 4327 pmnitentia
2917 4253 3118 4327 dictum
3151 4264 3233 4327 est
3263 4252 3440 4327 {ch
3465 4252 3610 4310 uenia

2025 4335 2219 4401 peccati
2245 4342 2340 4395 est.
2371 4341 2474 4386 etc.
2513 4325 2709 4384 Dallaro
2738 4328 2916 4401 negari
2950 4325 3133 4401 nequit
3171 4325 3465 4401 clariorem
3493 4340 3612 4380 esse

2023 4396 2140 4457 eam
2191 4402 2470 4460 lectionem
2497 4443 2511 4467 ,
2563 4417 2719 4470 quam
2771 4399 3121 4453 inducendam
3149 4398 3330 4451 vellet.
3361 4396 3466 4470 Sed
3499 4412 3605 4467 quo

2023 4472 2219 4526 clarior
2246 4483 2348 4535 est,
2378 4488 2442 4526 eo
2469 4472 2642 4527 minus
2684 4469 2998 4525 mutationis
3024 4480 3267 4534 suspeeta
3307 4476 3388 4522 est
3422 4469 3608 4521 altera.

2022 4542 2165 4597 Nihil
2195 4545 2338 4598 enim
2368 4551 2449 4598 est
2473 4558 2569 4596 cur
2613 4542 2752 4594 illam
2783 4542 3038 4594 attribuat
3076 4539 3368 4594 sciolorum
3397 4538 3613 4591 temeri-

2025 4615 2140 4678 tati,
2169 4629 2290 4668 cum
2323 4611 2375 4668 hi
2412 4622 2614 4668 tantum
2645 4619 2853 4666 mutare
2879 4612 3109 4675 soleant,
3143 4609 3282 4678 quod
3320 4623 3422 4661 non
3454 4607 3613 4662 intel-

2022 4685 2212 4748 ligunt,
2241 4693 2293 4738 et
2338 4685 2388 4737 ιιι
2419 4683 2666 4738 obscuris
2692 4681 2824 4736 locis
2871 4682 3127 4736 clariores
3157 4679 3451 4733 sententias
3479 4679 3609 4732 sub-

2018 4753 2262 4809 Stilucre.
2285 4753 2464 4822 Longe
2493 4753 2669 4808 tnintts
2693 4752 3143 4824 typographornnt
3166 4748 3423 4824 incuriam
3455 4749 3608 4803 incn-

2020 4840 2142 4879 sare
2173 4825 2366 4888 valeat,
2395 4821 2516 4878 cum
2548 4821 2772 4878 fideliter
2793 4825 3175 4891 expresserim,
3207 4821 3347 4890 quod
3379 4823 3446 4891 in
3477 4837 3606 4872 tnss.

2022 4897 2363 4950 invenerunt.
2396 4895 2510 4949 Non
2542 4895 2682 4950 enim
2714 4890 2915 4947 tantum
2949 4893 3000 4947 iit
3047 4892 3203 4946 editis
3245 4890 3492 4945 omnibus
3521 4905 3614 4944 ex-

2023 4975 2129 5020 stat
2151 4968 2500 5035 confessione,
2532 4965 2625 5021 sed
2651 4981 2716 5020 ex
2741 4965 2986 5018 undecim
3019 4978 3148 5016 mss.
3182 4977 3210 5015 a
3243 4962 3398 5035 nobis
3423 4975 3620 5035 excus-

2026 5039 2123 5104 sis,
2156 5054 2223 5092 ne
2248 5031 2304 5092 in
2330 5053 2435 5092 uno
2463 5038 2677 5107 quidem
2702 5035 2858 5107 aliter
2899 5037 3074 5107 legere
3105 5042 3206 5088 est.
3239 5033 3420 5101 Neque
3451 5031 3614 5107 etiam

2031 5103 2495 5183 aliterlygeudutri
2521 5108 2710 5183 suadet
2737 5106 2864 5161 illud
2893 5103 3032 5175 mund
3063 5113 3180 5174 post
3205 5118 3367 5183 paucil
3398 5103 3618 5183 διιιηῖυὲο

2032 5190 2116 5234 tur
2147 5197 2159 5232 :
2197 5175 2330 5250 Ιίνᾓο
2353 5181 2496 5233 venia
2521 5181 2684 5234 omnis
2714 5194 2776 5233 ex
2806 5195 2862 5231 eo
2886 5187 2978 5240 est,
3008 5193 3122 5250 cum
3149 5175 3300 5250 etiam
3333 5189 3390 5250 ea
3413 5189 3532 5250 gnte
3568 5175 3621 5224 in

2029 5267 2084 5304 se
2123 5252 2224 5304 sint
2267 5244 2480 5320 peccata
2503 5293 2516 5316 ,
2550 5260 2663 5320 post
2711 5251 2927 5303 reditum
2959 5245 3294 5316 confessionis
3334 5244 3621 5320 indulgent.

2031 5320 2164 5375 Cum
2199 5317 2376 5390 itaque
2412 5317 2559 5376 nihil
2592 5320 2982 5374 immutandum
3013 5325 3224 5373 constet
3253 5355 3268 5379 ,
3314 5317 3627 5390 expenden-

2036 5391 2162 5446 dum
2189 5385 2493 5460 restatquid
2520 5391 2748 5446 Hilarius
2773 5389 2871 5442 sibi
2895 5390 3019 5442 velit
3041 5394 3340 5460 :7qu:tntnm
3367 5385 3625 5454 sapimus,

2035 5461 2355 5518 vocabulum
2387 5459 2546 5516 uenia:
2571 5503 2585 5527 ,
2631 5477 2736 5514 non
2768 5461 2832 5513 ad
2869 5459 3260 5528 praecedentem
3282 5469 3477 5528 _\'ocetn
3508 5471 3631 5528 con-

2036 5533 2258 5607 fessione
2281 5573 2294 5595 ,
2339 5531 2433 5586 sed
2465 5533 2530 5588 ad
2565 5524 3029 5607 subsequentem,
3056 5527 3175 5581 scil.
3212 5526 3426 5607 salutem
3448 5524 3632 5607 ,_t'el'c-

2039 5597 2266 5666 i-endntn
2291 5614 2370 5657 est
2399 5644 2412 5668 ,
2447 5614 2501 5656 ιιι
2533 5604 2623 5668 sit,
2657 5597 2785 5672 quos
2810 5599 3127 5670 confessione
3156 5598 3432 5672 receperint
3470 5597 3523 5651 in
3551 5613 3636 5649 sa-

2041 5677 2198 5730 lutem
2227 5675 2406 5741 veniat;
2439 5674 2539 5730 hoc
2563 5668 2679 5742 est,
2697 5673 2748 5726 in
2780 5668 3006 5727 salutem
3027 5684 3185 5741 quam
3210 5668 3363 5724 venia
3393 5668 3503 5739 dat,
3527 5682 3634 5728 non

2033 5746 2309 5814 meritum,
