4222 6262
593 301 619 356 1
629 299 735 357 025

1802 292 2059 350 SANCTI'
2088 292 2339 350 lllLARll
2381 291 2688 352 EPISCOPI

3752 293 3902 354 1028

593 433 693 476 nos
721 434 789 476 ex
835 419 1148 490 przescripto
1179 417 1335 489 legis,
1367 416 1559 474 dandae
1588 415 1759 472 veniae
1789 429 2014 470 numero
2052 428 2183 469 con—
2209 415 2264 476 Α
2288 413 2340 468 ἰη
2369 411 2614 468 Ecclesia
2637 411 2884 481 accipere
2905 408 3124 482 (Ephes.
3150 408 3319 474 v.32;
3343 407 3581 481 uid.cap.
3603 408 3696 476 ἓξ,
3719 427 3774 464 n.
3802 410 3896 482 3),

594 511 737 566 cludi
763 555 779 580 ,
809 526 932 567 cum
964 525 1062 582 per
1113 509 1396 582 Evangelii
1418 508 1648 579 gratiam
1678 506 1798 563 sine
1827 506 1988 562 modo
2035 506 2192 562 nobis

596 619 628 660 a
659 605 771 659 Deo
812 601 974 658 fuerit
1023 603 1245 660 indulta.

667 697 755 751 ll.
786 695 928 764 Quin
985 697 1148 752 etiam
1188 696 1256 751 ad
1329 695 1583 767 perlectte
1630 694 1887 751 bonitatis
1941 693 2192 749 allectum

593 790 1012 860 comparationis
1056 791 1237 858 posuit
1278 791 1607 860 exemplum,
1632 789 1686 845 in
1729 805 1832 860 qua
1863 803 2021 845 servo
2050 787 2194 844 unde

595 881 854 936 redderet
898 897 1006 936 non
1049 881 1296 950 habenti,
1329 897 1491 937 omne
1529 881 1786 936 Dominus
1831 880 2068 935 debitum
2108 894 2194 935 re-

599 970 800 1028 laxavit
845 971 1046 1043 (Ibid.,
1079 972 1195 1045 26)
1251 993 1264 1029 :
1321 987 1694 1044 conservoque
1747 987 1847 1028 suo
1886 985 2076 1028 servus
2103 971 2196 1026 ille

597 1066 848 1134 exiguum
876 1065 1020 1136 quod
1067 1067 1168 1121 sibi
1211 1067 1511 1122 debebatur
1539 1075 1892 1135 extorquens,
1949 1080 2046 1134 per
2093 1063 2196 1120 hoc

603 1158 892 1212 voluntatis
956 1173 1070 1214 sua:
1122 1159 1310 1214 vitium
1365 1159 1569 1214 donum
1639 1157 2023 1214 muniﬁcentia:
2088 1156 2195 1210 Do-

598 1248 733 1304 mini
785 1249 859 1321 (a)
921 1259 976 1306 et
1037 1251 1378 1306 liberalitatis
1433 1251 1630 1306 amisit.
1687 1251 1950 1306 Absoluta
2016 1255 2196 1302 autem

597 1343 1021 1411 comparationis
1048 1343 1165 1415 ejus
1194 1353 1278 1400 est
1307 1344 1469 1410 ratio,
1501 1352 1663 1415 atque
1700 1341 1769 1398 ab
1811 1342 1929 1412 ipso
1970 1340 2198 1398 Domino

603 1436 784 1492 omnis
827 1436 1076 1508 exposita
1119 1445 1223 1492 est.

1033 1571 1190 1644 761
1241 1569 1470 1628 CAPUT
1515 1569 1660 1626 XIX.

605 1685 830 1742 Uxorem
871 1703 977 1740 non
1022 1686 1201 1740 debere
1240 1687 1513 1752 dimittere,
1543 1687 1606 1741 de
1631 1686 1903 1752 eunuchis,
1935 1685 1998 1740 de
2019 1685 2198 1756 infan-

2295 507 2472 562 locum
2501 507 2644 561 hunc
2673 505 2834 560 sicuti
2854 514 2938 560 est
2963 505 3224 559 intactum
3266 503 3657 574 relinquamus.
3684 504 3893 561 Admo-

2293 613 2484 654 nemus
2512 609 2690 652 tamen
2717 597 3009 666 legentem,
3062 603 3120 650 ut
3163 594 3651 664 quotienscumque
3691 595 3758 650 de
3783 595 3890 652 hac

2294 689 2482 746 eadem
2504 689 2801 759 quaestione
2821 702 2881 742 se
2929 687 3199 751 consulat,
3223 686 3513 742 verborum
3553 686 3802 752 virtutes,
3834 695 3898 742 et

2294 782 2490 851 quibus
2517 779 2776 834 Dominus
2801 778 3162 848 responderit,
3190 787 3246 833 et
3285 778 3480 848 quibus
3524 778 3778 849 discipuli
3809 781 3897 836 usi

2295 876 2425 940 sint,
2455 873 2739 944 diligenter
2763 872 3008 927 advertat
3033 890 3045 924 :
3075 871 3225 933 Pauli
3251 879 3428 926 autem
3450 855 3687 942 apostoli
3704 871 3774 928 de
3797 872 3902 930 hoc

2297 965 2566 1028 allectum,
2595 963 2677 1018 vel
2725 963 2958 1028 silentis,
3015 963 3100 1018 vel
3150 961 3415 1017 interdum
3461 963 3562 1018 sub
3609 964 3734 1019 aliis
3765 964 3905 1021 locis

2299 1054 2596 1119 tractantis,
2623 1052 2910 1124 expendat.
2959 1052 3128 1107 Nobis
3177 1051 3320 1107 circa
3370 1053 3650 1109 eunuchos
3702 1068 3900 1111 sermo

2299 1149 2450 1202 sitet
2479 1147 2746 1202 voluntas.
2803 1145 2861 1200 In
2919 1161 3026 1200 uno
3074 1145 3255 1216 posuit
3304 1155 3574 1214 naturam,
3625 1147 3680 1201 in
3723 1147 3907 1204 altero

2299 1240 2701 1306 necessitatem,
2729 1239 2782 1294 in
2807 1239 2965 1294 tertio
2995 1239 3327 1294 voluntatem
3359 1239 3378 1307 (
3405 1237 3571 1303 Ibid.,
3606 1238 3717 1310 12)
3744 1257 3757 1292 :
3795 1256 3898 1294 na-

2301 1341 2473 1387 turam
2504 1332 2556 1385 in
2589 1347 2654 1386 eo
2681 1331 2772 1402 qui
2803 1331 2873 1384 ita
2903 1331 3164 1395 nascitur,
3193 1330 3574 1385 necessitatem
3605 1331 3660 1384 in
3705 1346 3771 1386 eo
3801 1331 3899 1402 qui

2304 1423 2378 1478 ita
2413 1422 2584 1478 factus
2626 1433 2729 1488 est,
2776 1422 3104 1478 voluntatem
3148 1422 3202 1476 in
3231 1421 3324 1476 illo
3349 1423 3439 1492 qui
3470 1436 3570 1491 spe
3598 1423 3749 1492 regni
3787 1437 3910 1480 cte-

2299 1518 2474 1584 lestis,
2506 1517 2628 1574 talis
2646 1532 2767 1572 esse
2793 1515 3097 1572 decreverit
3146 1533 3160 1570 :
3207 1516 3296 1571 cui
3342 1529 3442 1570 nos
3481 1515 3689 1572 similes
3719 1516 3905 1587 efﬁci,

2302 1609 2350 1664 si
2381 1619 2558 1664 tamen
2585 1607 2659 1681 (c)
2691 1609 2986 1680 possimus,
3027 1607 3328 1662 admonuit.

2373 1704 2427 1758 ὅ.
2481 1702 2739 1773 Infantes,
2766 1713 2940 1772 gentes
2971 1717 3003 1754 a
3032 1701 3304 1772 discipulis
3327 1701 3622 1755 inhibentur
3659 1718 3772 1772 prtc
3823 1706 3912 1772 fa.

673 1778 807 1832 tibus
852 1778 1103 1834 inhibitis.
1155 1776 1375 1833 Divitem
1405 1779 1608 1849 difﬁcile
1649 1779 1867 1833 introire
1894 1778 1948 1832 in
1985 1792 2200 1848 regnum

2307 1811 2421 1854 rore
2444 1796 2635 1849 Israel.
2658 1825 2729 1835 —
2749 1795 2896 1850 Tunc
2921 1794 3076 1849 oblati
3105 1803 3222 1848 sunt
3261 1795 3308 1848 ei
3345 1795 3589 1865 infantes,
3631 1805 3686 1848 ut
3715 1811 3912 1851 manu

680 1870 945 1928 caelorum.

675 1979 730 2034 1.
765 1979 867 2035 Cur
891 1977 1136 2035 Galila’os
1161 1981 1217 2034 in
1244 1979 1448 2036 Iudaea:
1475 1980 1663 2050 ﬁnibus
1688 1990 1830 2036 curet
1861 1981 2112 2036 Christus.
2131 2011 2204 2022 —

605 2073 672 2128 Et
701 2077 897 2144 factum
923 2082 1019 2139 est,
1052 2090 1170 2126 cum
1198 2073 1397 2128 locutus
1422 2083 1550 2128 esset
1571 2091 1830 2129 sermones
1855 2076 1997 2145 ;istos
2025 2073 2200 2140 Iesus,

604 2164 865 2219 transtulit
909 2181 963 2220 se
1007 2164 1062 2218 in
1103 2162 1381 2220 Galilwam
1409 2205 1426 2230 ,
1476 2174 1524 2219 et
1568 2166 1701 2218 vertit
1730 2165 1784 2220 in
1808 2166 1936 2234 ﬁnes
1980 2163 2200 2236 Judteaz,

605 2266 712 2310 etc.
762 2254 1002 2328 (Matth.
1043 2271 1154 2321 XIX,
1201 2253 1299 2326 1).
1339 2255 1592 2312 Galilaeos
1639 2255 1693 2310 in
1760 2255 1960 2312 Judzeae
2008 2256 2205 2316 ﬁnibus

606 2358 780 2403 curat.
813 2347 1071 2404 Potuerat
1117 2364 1350 2418 namque
1388 2358 1714 2420 aegrotorum
1746 2350 1931 2406 turbas
1955 2365 2062 2404 non
2085 2349 2206 2404 fati-

608 2453 762 2509 gare,
787 2449 842 2493 et
871 2439 1008 2494 intra
1031 2440 1203 2510 ipsam
1236 2439 1513 2496 Galilaeam
1545 2455 1705 2512 opem
1738 2443 1879 2498 ferre
1901 2441 2201 2498 debilibus:

611 2531 709 2586 sed
761 2532 935 2604 typica
967 2534 1104 2588 ratio
1147 2528 1315 2588 etiam
1346 2533 1590 2590 locorum
1626 2543 1745 2591 erat
1789 2535 2052 2604 explenda
2099 2535 2207 2605 pri-

611 2622 842 2693 vilegiis,
874 2632 932 2678 ut
981 2632 1199 2694 peccata
1246 2627 1488 2696 gentium
1545 2626 1600 2682 in
1658 2641 1779 2682 eam
1825 2627 2036 2682 veniam
2085 2642 2206 2697 qua:

609 2711 813 2768 Judaea:
862 2716 1152 2784 parabatur
1191 2717 1520 2773 admitteret.

679 2805 736 2859 2.
788 2804 934 2860 Tunc
972 2820 1297 2862 accesserunt
1327 2809 1394 2862 ad
1443 2826 1557 2863 eum
1610 2809 1886 2877 Pharistei,
1957 2821 2207 2867 tentantes

607 2913 746 2960 etim,
779 2906 825 2951 et
854 2898 1118 2952 dicentes:
1167 2897 1231 2954 Si
1283 2901 1398 2954 tiret
1451 2901 1646 2955 homini
1691 2903 1946 2958 dimittere
1996 2919 2208 2958 uxorem

608 3005 755 3044 suam
777 3007 1093 3062 quacumque
1122 3008 1186 3046 ea:
1213 3009 1372 3058 causa
1399 2996 1417 3064 (
1440 2993 1607 3060 Ibid.,
1639 2995 1740 3064 '5)?
1769 2993 1823 3051 In
1846 3011 1911 3050 eo
1931 3011 2201 3065 sermone,

609 3084 700 3154 qui
731 3082 797 3139 de
826 3100 996 3141 uxore
1023 3095 1076 3140 et
1123 3086 1192 3143 de
1219 3089 1445 3158 repudio
1466 3099 1571 3156 est,
1595 3091 1829 3146 occurrit
1858 3091 1987 3147 illud
2007 3132 2024 3158 ,
2052 3092 2209 3148 aliter

2305 1889 2386 1942 his
2415 1889 2699 1957 imponeret
2723 1896 2769 1942 et
2799 1895 3012 1941 oraret:
3055 1885 3308 1956 Discipuli
3356 1895 3526 1940 autem
3559 1886 3897 1955 prohibebant

2304 1996 2411 2047 eos,
2435 1989 2490 2036 et
2519 1979 2722 2049 reliqua
2755 1977 2960 2050 (lbid.,
2991 1977 3118 2050 l5).
3162 1977 3369 2032 Novum
3429 1987 3554 2044 est,
3601 1977 3900 2048 discipulos

2306 2071 2650 2143 prohibuisse
2677 2087 2745 2126 ne
2767 2069 2999 2126 infantes
3024 2070 3092 2125 ad
3119 2068 3394 2124 Christum
3421 2069 3758 2135 accederent,
3808 2070 3911 2140 qui

2306 2167 2674 2224 offerebantur
2695 2177 2755 2222 ut
2781 2181 2946 2239 super
2965 2181 3060 2222 eos
3089 2180 3306 2221 manum
3361 2165 3667 2236 imponeret
3689 2171 3746 2218 et
3776 2176 3914 2217 ora-

2307 2271 2411 2318 ret.
2460 2261 2570 2317 Res
2627 2262 2958 2334 evangeliea,
2991 2269 3051 2314 ut
3081 2259 3338 2326 diximus,
3369 2258 3512 2313 inter
3541 2256 3828 2328 praesentis
3855 2263 3916 2311 et

2307 2352 2473 2409 futuri
2518 2352 2790 2420 eﬂectum,
2841 2351 3074 2407 mediam
3122 2349 3335 2421 utrique
3378 2349 3459 2404 rei
3511 2358 3565 2404 et
3613 2362 3913 2416 congruam

2308 2448 2571 2503 rationem
2624 2445 2947 2515 temperavit
2995 2463 3008 2497 :
3059 2453 3120 2499 ut
3173 2442 3279 2508 his,
3330 2455 3451 2512 quas
3504 2440 3911 2504 efﬁciebantur,

2308 2537 2471 2593 futuri
2496 2538 2706 2608 species
2736 2536 3061 2592 adhaereret.
3083 2533 3322 2590 Infantes
3345 2531 3562 2603 quidem
3583 2545 3716 2587 vere
3740 2530 3912 2586 oblati

2307 2638 2457 2694 sunt,
2501 2627 2597 2683 sed
2650 2637 2704 2682 ct
2765 2641 2896 2682 vere
2946 2624 3162 2680 inhibiti
3207 2631 3354 2678 sunt.
3410 2621 3520 2679 Sed
3569 2621 3624 2676 hi
3667 2622 3914 2692 gentium

2309 2719 2484 2775 forma
2519 2726 2666 2782 sunt,
2695 2718 2889 2788 quibus
2919 2731 3015 2786 per
3035 2715 3195 2771 fidem
3224 2722 3279 2769 et
3314 2713 3558 2768 auditum
3588 2711 3739 2767 salus
3785 2711 3916 2768 red-

2311 2811 2477 2867 ditur.
2525 2807 2726 2866 Verum
2758 2825 2825 2863 ex
2875 2806 3067 2862 allectu
3113 2805 3342 2876 primum
3377 2801 3836 2868 salvandilsrael,
3877 2817 3913 2857 a

2308 2902 2587 2972 discipulis
2631 2900 2938 2955 inhibentur
2964 2898 3126 2970 762
3149 2894 3430 2951 accedere.
3474 2891 3763 2949 lnhibendi
3790 2894 3915 2964 qui-

2306 2995 2429 3050 dem
2458 2995 2702 3049 voluntas
2731 2990 3082 3063 placabilitati
3103 2988 3417 3060 apostolica:
3461 3001 3570 3043 non
3597 2986 3853 3043 convenit
3880 3005 3900 3042 :

2309 3088 2406 3144 sed
2460 3088 2514 3142 in
2574 3087 2806 3158 typicam
2853 3083 3374 3139 consummationem
3445 3079 3912 3151 prohibendorum

605 3176 866 3245 scriptum
896 3191 1018 3232 esse
1040 3177 1090 3232 in
1120 3176 1318 3235 Genesi
1341 3181 1438 3250 (ιι,
1467 3181 1538 3236 24
1558 3183 1599 3252 ),
1629 3197 1789 3254 quam
1813 3198 1955 3238 nunc
1983 3184 2034 3238 in
2064 3199 2203 3253 prte-
2231 3179 2278 3242 C
2312 3179 2596 3235 infantium
2628 3177 2704 3252 (ά)
2729 3177 2970 3245 subrepit
3009 3173 3506 3242 instinctus.~Quos
3533 3174 3793 3229 Dominus
3833 3173 3916 3229 ait

611 3282 738 3322 sens
766 3269 1027 3325 Dominus
1055 3272 1128 3327 sit
1160 3273 1370 3330 locutus
1399 3272 1627 3346 (Matth.
1678 3291 1788 3342 xix,
1821 3277 1854 3330 4
1880 3275 1982 3331 et5
2011 3273 2050 3349 ).
2093 3276 2206 3331 Illic

607 3357 751 3410 cnim
797 3359 897 3414 sub
927 3360 1106 3415 verbis
1147 3362 1278 3416 Adae
1325 3379 1413 3419 res
1439 3367 1616 3421 omnis
1640 3366 1879 3422 refertur
1908 3383 1923 3420 :
1953 3365 2041 3420 hic
2098 3367 2206 3421 Do-

612 3445 790 3500 minus
819 3448 1016 3504 indicat
1061 3450 1236 3512 abeo.
1261 3453 1352 3522 qui
1380 3463 1435 3507 et
1469 3453 1743 3510 hominem
1795 3457 2107 3524 figuraverit
2149 3467 2206 3512 et

611 3538 896 3594 mulierem
917 3541 1126 3607 fecerit,
1155 3543 1336 3598 omnia
1367 3542 1442 3616 (b)
1486 3545 1577 3600 illa
1601 3545 1744 3601 dicta
1792 3560 1932 3602 esse.
1959 3547 2065 3602 Sed
2108 3562 2207 3604 uos

612 3632 782 3686 secuti
807 3634 1154 3702 apostolicam
1195 3637 1594 3702 auctoritatem,
1620 3638 1711 3708 qui
1755 3639 1857 3693 hoc
1887 3641 2205 3712 mysterium

610 3723 816 3792 grande
851 3739 974 3780 esse
1000 3726 1278 3796 professus
1301 3736 1404 3794 est,
1426 3743 1486 3784 se
1511 3736 1691 3785 autem
1716 3729 1770 3785 in
1797 3727 2015 3786 Christo
2044 3740 2207 3803 atque

690 3933 768 4006 (α)
807 3935 882 3990 lta
927 3933 1095 3990 codex
1142 3933 1514 4006 Carnutensis.
1546 3936 1645 3990 Alii
1675 3950 1825 3999 vero,
1855 3945 1902 3990 et
1933 3937 2199 3992 libertatis.

685 4007 760 4080 (b)
797 4007 858 4080 1n
898 4006 1324 4080 mss._Colb._et
1370 4005 1536 4080 Caro.
1575 4007 1674 4080 illi,
1724 4007 1867 4080 quod
1915 4007 1982 4080 ad
2030 4009 2201 4080 Adam

615 4077 897 4133 commode
925 4077 1197 4133 retuleris.
1247 4077 1407 4131 Notat
1460 4077 1687 4131 llilarius
1730 4077 1893 4132 verba
1928 4078 2060 4143 lucc,
2095 4079 2202 4134 Re-

614 4148 805 4217 linquet
836 4149 986 4202 homo
1017 4157 1210 4214 patrem
1250 4157 1296 4201 et
1322 4157 1536 4202 matrem
1557 4190 1571 4212 ,
1613 4157 1657 4201 et
1701 4149 1978 4202 adhaerebit
2029 4151 2201 4214 uxori,

614 4220 909 4273 secundum
950 4220 1201 4274 chesim
1230 4219 1300 4274 ab
1330 4217 1522 4284 Adam,
1553 4219 1846 4273 secundum
1893 4218 2202 4275 Mattltteum

614 4302 644 4341 a
675 4288 782 4341 Deo
824 4288 1072 4354 proferri.

693 4357 764 4428 (c)
791 4358 1061 4412 Scultetus
1089 4358 1267 4412 allatis
1295 4358 1444 4412 hisce
1470 4357 1725 4423 verbulis,
1763 4358 1808 4412 si
1837 4368 2003 4413 tamen
2033 4361 2203 4428 possi-

617 4443 752 4490 mus,
786 4443 952 4482 ovans
978 4437 1032 4481 et
1063 4429 1328 4497 insultans
1367 4429 1496 4482 Satis
1545 4443 1813 4497 superque
1855 4431 2117 4484 refutasse
2147 4444 2204 4484 se

620 4508 788 4568 putat,
839 4497 978 4567 quod
1020 4496 1376 4552 Bellarminus
1414 4498 1467 4552 in
1518 4496 1743 4568 gratiam
1795 4501 1902 4554 voti
1943 4501 2204 4554 castitatis

619 4568 914 4623 adduxerat
941 4583 1007 4623 ex
1034 4575 1191 4638 tract.
1218 4584 1299 4638 ps.
1336 4583 1453 4621 [.le
1475 4609 1492 4635 ,
1530 4585 1583 4621 ιι.
1629 4570 1684 4629 ὅ.
1716 4571 1810 4624 ubi
1835 4571 2052 4625 disertis
2082 4586 2204 4623 ver-

2308 3286 2416 3327 non
2447 3280 2704 3342 oportere
2733 3267 3033 3338 prohiberi,
3062 3270 3185 3337 quia
3241 3267 3426 3320 talium
3459 3265 3529 3319 sit
3554 3280 3774 3334 regnum
3796 3279 3916 3320 caa-

2310 3364 2527 3420 lorum:
2578 3375 2777 3418 munus
2819 3360 2965 3416 enim
3014 3368 3070 3414 et
3114 3357 3314 3413 donum
3359 3357 3592 3426 Spiritus
3617 3357 3788 3411 sancti
3828 3357 3911 3428 (ε)

2309 3469 2406 3525 per
2451 3454 2848 3523 impositionem
2896 3465 3088 3506 manus
3113 3457 3168 3504 et
3193 3449 3553 3519 precationem
3574 3489 3590 3514 ,
3644 3455 3904 3502 cessante

2308 3545 2442 3616 legis
2467 3559 2653 3614 opere,
2699 3552 2815 3598 erat
2857 3542 3107 3612 gentibus
3158 3539 3514 3610 largiendum.

2377 3638 2435 3693 4.
2463 3637 2493 3690 J
2503 3638 2768 3692 udteorutn
2787 3636 3060 3691 insolentia
3075 3635 3128 3688 in
3146 3637 3336 3707 juvene
3360 3631 3688 3686 adumbrata.
3720 3630 3915 3686 Chris-

2311 3745 2393 3788 tus
2421 3741 2673 3804 quatenus
2719 3746 2820 3784 non
2859 3730 3040 3785 bonus.
3068 3756 3141 3768 -
3166 3727 3234 3782 Et
3263 3725 3334 3798 (Γ)
3376 3742 3491 3781 ecce
3520 3742 3654 3780 unus
3693 3725 3912 3780 accessit

2310 3947 2534 3992 sanctos.
2582 3937 2726 3993 Idem
2756 3936 3124 4006 apostolorum
3155 3951 3280 4005 erga
3311 3936 3476 3991 Israel
3527 3935 3756 3990 affectus
3783 3951 3916 3992 rur-

2311 4023 2427 4062 sum
2457 4008 2760 4064 declaratur
2783 4023 2902 4077 cap.
2938 4008 3036 4070 15,
3089 4025 3143 4061 ιι.
3175 4008 3229 4062 9.
3287 4007 3483 4062 Eadem
3529 4007 3736 4064 ratione
3775 4023 3914 4077 apo-

2311 4079 2482 4134 stolos
2513 4080 2580 4133 ab
2604 4079 2942 4133 inclementia
2991 4086 3214 4133 excusat
3260 4077 3577 4133 Ambrosius
3626 4079 3680 4132 iu
3735 4077 3904 4145 Luc.,

2311 4150 2407 4205 lib.
2459 4165 2571 4212 vm,
2624 4167 2684 4203 ιι.
2745 4150 2831 4203 60.

2384 4221 2456 4290 (e)
2505 4221 2622 4274 Jam
2668 4221 2721 4272 in
2771 4219 2911 4273 Psal.
2963 4234 3150 4282 cxvnt,
3203 4233 3258 4273 n.
3316 4217 3372 4290 ξ,
3427 4218 3770 4290 observatum
3822 4229 3914 4274 est

2313 4289 2456 4345 hunc
2520 4293 2694 4344 locum
2755 4291 2932 4345 verbis
3007 4290 3262 4343 illustrari
3321 4289 3634 4343 Tertulliani
3697 4290 3793 4345 lib.
3837 4291 3914 4346 de

2310 4361 2597 4429 baptismo,
2629 4360 2718 4413 ubi
2749 4363 2908 4415 ritum
2938 4374 2992 4414 et
3017 4360 3265 4414 effectum
3311 4359 3584 4427 baptismi
3610 4362 3910 4427 enarravit,

2309 4432 2665 4498 subjicieutis,
2699 4445 2748 4484 c.
2781 4430 2814 4484 7
2845 4449 2856 4484 :
2891 4429 3095 4484 Exinde
3121 4429 3310 4501 egressi
3348 4429 3410 4482 de
3459 4431 3660 4501 lavacro
3711 4447 3912 4500 perun-

2307 4502 2476 4572 gintur
2495 4501 2758 4555 benedicta
2785 4502 3022 4555 unctione
3049 4502 3110 4553 de
3135 4500 3345 4568 antiqua
3366 4500 3639 4568 disciplina
3666 4519 3684 4554 :
3705 4511 3760 4554 et
3784 4513 3916 4572 post

2311 4586 2510 4640 pauca:
2538 4572 2730 4625 Dehinc
2765 4588 2944 4624 manus
2965 4572 3248 4640 imponitur
3280 4587 3366 4635 per
3392 4572 3788 4625 benedictionem
3812 4573 3918 4624 ad-

619 4639 702 4693 bis
749 4641 826 4718 ait
856 4639 1125 4718 llilarius,_
1161 4637 1269 4691 Deo
1320 4655 1440 4718 ergo
1474 4639 1696 4718 cauenda
1743 4651 1860 4718 sunt
1889 4650 2203 4718 contemptus
2238 4660 2285 4718 D
2310 4637 2494 4718 uocans
2517 4653 2562 4696 et
2592 4643 2817 4718 incitans
2843 4637 3098 4718 Spiritum
3143 4651 3394 4718 sanctum.
3419 4641 3556 4718 Num
3595 4642 3709 4718 haec
3724 4652 3782 4718 et
3799 4642 3913 4697 alia

623 4711 870 4782 corporis,
902 4698 1150 4782 castitalis
1189 4698 1450 4773 custodia,
1488 4710 1683 4782 jejunii
1712 4711 2000 4764 tolerantia.
2024 4698 2208 4782 Vellet

623 4781 876 4834 nimirum
922 4781 1193 4834 insinuare
1239 4781 1586 4834 cnntinentim
1612 4781 1783 4836 hostis
1809 4791 1992 4835 votum
2021 4781 2208 4851 hujus-

621 4851 762 4904 modi
792 4855 936 4905 vires
970 4851 1228 4904 lmmauas
1265 4851 1336 4904 ita
1367 4865 1642 4918 superare,
1675 4859 1734 4904 ut
1760 4851 1970 4904 nonnisi
2002 4860 2208 4907 temere

621 4924 690 4974 sit
717 4921 1132 4990 promittendum
1173 4922 1314 4989 quod
1347 4931 1605 4985 praestare
1635 4936 1792 4975 nemo
1819 4923 2008 4989 possit.
2042 4922 2204 4989 Quasi

621 5007 748 5043 vero
785 4991 1030 5044 Christus
1065 4991 1399 5045 consuluerit
1423 4991 1645 5057 aliquid,
1692 5007 1798 5060 quo
1830 5006 1987 5045 nemo
2021 5007 2207 5058 perve-

623 5063 738 5116 nire
765 5062 940 5116 valeat
964 5077 978 5125 ;
1007 5071 1099 5114 aut
1127 5077 1232 5114 non
1254 5061 1305 5113 id
1329 5062 1594 5128 possimus
1611 5061 1902 5129 opitulante
1930 5061 2206 5130 Deigratia

625 5131 1074 5206 per_f_ice_re,_qund
1127 5147 1192 5206 eo
1243 5131 1536 5196 inSpirante
1565 5130 1904 5206 t'ooverimus;
1962 5143 2055 5185 aut.
2104 5134 2206 5206 alia

620 5203 689 5256 ab
711 5201 961 5258 Ecclesia
978 5201 1335 5254 defcndantur
1354 5210 1407 5254 et
1433 5201 1800 5270 approli'entur
1847 5211 1970 5255 vota
1989 5243 2004 5264 ,
2053 5204 2206 5270 qttasi

620 5289 740 5342 qua:
769 5275 935 5327 Deum
980 5281 1253 5342 auctorem
1295 5271 1602 5342 habuerint.
1642 5271 1777 5325 Hinc
1821 5287 1941 5326 sese
1987 5273 2208 5326 limresis

620 5341 856 5398 Ostendit
897 5359 925 5396 ιι
966 5341 1170 5412 Spiritu
1200 5341 1398 5396 Christi
1441 5341 1693 5408 alienam,
1724 5343 1864 5412 quod
1905 5342 2081 5397 nullos
2109 5342 2208 5396 Ita-

619 5416 730 5481 bet,
762 5415 956 5485 quibus
985 5429 1108 5468 cara
1153 5415 1260 5468 siut
1301 5414 1466 5484 ipsius
1513 5413 1756 5485 consilia.
1792 5412 1981 5485 liabet
2024 5422 2210 5485 contra

620 5482 862 5540 Ecclesia
904 5486 1184 5554 plurimos,
1247 5482 1338 5553 qui
1387 5498 1508 5537 cum
1561 5483 1727 5537 Paulo
1773 5483 1973 5547 dicant,
2027 5482 2214 5537 Omnia

662 5571 830 5610 assum
866 5556 920 5608 in
964 5572 1022 5610 eo
1049 5557 1136 5624 qui
1179 5571 1258 5608 me
1281 5558 1562 5623 confortat.
1597 5554 1778 5624 Itaque
1809 5571 1912 5607 non
1945 5555 2215 5608 immerito

662 5575 830 5610 assum
866 5575 920 5608 ιη
964 5575 1022 5610 εο
1049 5575 1136 5624 qus
1179 5575 1258 5608 me
1281 5575 1562 5623 conyortat.
1597 5575 1778 5624 Itaque
1809 5575 1912 5607 11011
1946 5575 2214 5608 ιηιῐῐιεηιο

625 5575 984 5682 ﬁellarmiuus
1032 5625 1290 5680 llilarium
1321 5627 1592 5680 recensuit
1631 5634 1688 5680 ut
1733 5634 1980 5680 votorum
2031 5636 2214 5694 patro-

626 5710 773 5749 num.

697 5763 778 5829 (ά)
825 5765 1115 5818 Vaticanus
1167 5765 1330 5819 codex
1359 5765 1501 5834 apud
1532 5766 1825 5830 Latinium,
1872 5766 2124 5835 subrepsit
2160 5767 2215 5821 in

2314 4713 2496 4766 lltlarii
2535 4727 2653 4781 cap.
2686 4715 2744 4776 4,
2794 4712 2938 4766 nutu.
2995 4712 3062 4768 l0
3107 4720 3162 4766 et
3215 4712 3306 4773 27,
3354 4712 3773 4766 conﬁrmationis
3813 4728 3911 4766 sa-

2309 4792 2644 4836 cramentum
2674 4799 2779 4836 non
2805 4792 3070 4850 spectent,
3099 4783 3326 4852 quisque
3349 4781 3571 4851 judicet.
3600 4783 3730 4836 lliuc
3757 4794 3915 4838 certe

2312 4869 2418 4906 non
2494 4853 2779 4908 temeraria
2845 4854 2940 4907 fuit
3011 4862 3316 4907 nostrorum
3398 4854 3726 4921 propensio,
3803 4869 3918 4920 qua

2313 4923 2406 4977 lib.
2442 4939 2535 4977 \‘lll
2577 4924 2630 4977 in
2679 4922 2834 4986 Luc.,
2882 4940 2934 4976 n.
2964 4923 3053 4985 6|,
3089 4923 3188 4992 legi
3239 4923 3554 4978 maluissent
3584 4941 3596 4976 :
3631 4922 3730 4978 Ubi
3756 4925 3829 4976 ad
3855 4940 3919 4977 se

2309 4994 2535 5062 infantes
2561 4993 2798 5047 accedere
2818 4993 2980 5063 iubet,
3019 5003 3075 5046 ut
3102 5009 3188 5046 eos
3217 4993 3294 5046 uel
3343 4994 3632 5062 precatione
3674 4995 3752 5048 vel
3791 5010 3914 5046 ma-

2311 5080 2470 5116 nuum
2505 5064 2828 5132 impositione
2858 5063 3184 5126 benediceret,
3217 5065 3458 5132 quamvis
3501 5078 3629 5117 mss.
3657 5065 3917 5118 auctori-

2313 5137 2406 5187 tati
2457 5135 2710 5188 cedentes
2773 5134 3094 5188 retinucrint
3144 5134 3220 5187 vel
3270 5134 3648 5203 prwdicatione.
3707 5135 3801 5188 Sic
3855 5143 3920 5189 et

2317 5203 2427 5258 Leo
2453 5219 2586 5274 papa
2619 5205 2776 5272 epist.
2823 5219 2964 5258 nunc
2987 5220 3168 5267 cxxtv,
3214 5219 3265 5258 c.
3297 5203 3350 5266 7,
3401 5204 3600 5258 iudicat
3646 5204 3915 5273 Spiritum

2317 5285 2562 5329 sanctum
2591 5290 2686 5343 per
2718 5275 3112 5341 impositiouem
3161 5290 3411 5328 manuum
3443 5290 3506 5329 ac
3539 5275 3918 5343 precationem

2321 5345 2570 5414 praeberi,
2602 5360 2723 5399 cum
2750 5344 2817 5398 de
2843 5345 2929 5407 iis,
2957 5347 3048 5412 qui
3078 5345 3398 5413 baptismum
3425 5345 3493 5398 ab
3523 5345 3795 5399 haereticis
3814 5361 3918 5399 ac-

2321 5425 2601 5483 ceperunt,
2630 5415 2786 5468 habet
2813 5433 2824 5466 :
2858 5414 2986 5468 Sola
3005 5415 3323 5468 invocatione
3351 5417 3577 5484 Spiritus
3620 5418 3789 5469 sancti
3821 5433 3918 5483 per

2320 5487 2695 5554 impositionem
2711 5501 2955 5556 manuum
2977 5485 3317 5555 conﬁrmandi
3331 5496 3479 5548 sunt;
3500 5494 3556 5541 et
3579 5497 3697 5554 post
3716 5501 3910 5556 pauca,

2319 5556 2451 5610 Sola
2487 5557 2821 5624 sanctiﬁcatio
2870 5555 3095 5626 Spiritus
3139 5556 3301 5609 sancti
3358 5556 3650 5609 invocanda
3695 5555 3805 5622 est,
3854 5569 3917 5611 ut

2318 5627 2454 5697 quod
2482 5628 2545 5681 ab
2583 5627 2834 5681 hazreticis
2864 5642 3010 5681 nemo
3051 5627 3256 5697 accipit,
3296 5643 3330 5679 a
3373 5627 3638 5681 catholicis
3667 5630 3917 5684 sacerdo-

2317 5696 2451 5768 tibus
2477 5709 2835 5768 consequatur.

2389 5766 2466 5836 (f)
2496 5767 2553 5823 ln
2600 5766 2838 5838 pluribus
2886 5775 3015 5824 mss.
3048 5776 3163 5823 ecce
3182 5768 3388 5837 juvenis
3427 5784 3581 5823 unus.
