4222 6262
309 337 450 395 10⁸25

1245 330 1792 390 COMMENTARIUS
1821 328 1886 386 IN
1925 326 2345 386 MA'r'rqun
2375 328 2530 386 CAP.
2573 312 2715 385 xux;

3463 331 3488 385 1
3500 330 3604 390 026

307 456 376 509 ad
403 470 537 518 eum,
567 463 614 508 et
631 453 704 508 ait
733 453 812 507 illi
838 469 856 508 :
883 451 1149 526 Magister,
1186 451 1311 521 quid
1335 451 1453 505 boni
1483 451 1670 521 faciant
1710 459 1766 504 ut
1811 448 1908 502 ha—
1937 451 1986 508 Α
2014 445 2153 501 cisse
2193 460 2253 502 se
2277 461 2309 501 a
2334 445 2615 516 iuventute
2659 460 2753 501 sua
2789 462 2800 499 :
2826 443 2892 502 ἐι
2915 445 3109 517 quaerit
3147 445 3270 518 quid
3301 445 3474 501 adhuc
3501 445 3603 501 sibi

307 547 452 602 beant
480 550 640 601 vitam
666 553 907 600 cateruam
937 543 964 597 ?
1007 552 1063 599 et
1111 541 1317 613 reliqua
1360 540 1571 614 (Ibid.,
1601 540 1670 596 16
1699 539 1741 611 ).
1797 539 1905 608 Ορ-

311 650 546 710 portune
573 647 697 708 post
723 651 1027 692 sermonem
1057 636 1429 705 superiorem;
1462 648 1568 704 quo
1595 641 1649 688 et
1675 631 1923 696 infantes

309 732 526 790 inbibiti
570 742 717 797 sunt,
768 741 822 786 et
850 731 1035 785 talium
1076 745 1300 800 regnum
1335 728 1594 785 cmlorum
1644 741 1764 783 esse
1818 738 1908 780 re-

315 839 571 896 sponsum
599 831 701 887 est,
727 820 1081 877 succeditJiic
1112 820 1347 890 juvenis,
1377 818 1659 890 requirens
1684 816 1908 888 quibus-

309 931 436 973 nam
475 915 632 972 bonis
661 915 915 986 operibus
958 913 1122 968 vitam
1165 923 1423 968 :eternam
1473 909 1674 965 habere
1701 915 1902 979 posset.

308 1009 530 1066 Juvenis
555 1008 656 1063 iste
694 1017 747 1062 et
774 1005 1239 1076 interrogavit,vet
1269 1005 1506 1060 insolens
1549 1002 1670 1066 fuit,
1703 1010 1758 1056 et
1789 1016 1910 1056 rur-

307 1115 427 1157 sum
454 1108 683 1156 moestus
704 1108 788 1154 est
813 1097 986 1154 factus
1018 1116 1030 1150 :
1061 1113 1255 1169 resque
1302 1112 1513 1162 omnes,
1552 1110 1672 1166 qum
1697 1095 1910 1164 scriptae

317 1201 464 1258 sunt,
495 1201 664 1264 gestae
692 1189 1006 1260 effectteque
1051 1199 1194 1245 sunt.
1247 1189 1350 1246 Sed
1400 1188 1777 1244 admonuimus
1820 1201 1905 1253 ea,

313 1299 435 1355 qua
464 1283 566 1338 sub
595 1283 710 1338 Deo
737 1283 1052 1352 agebantur,
1085 1281 1426 1350 praesentium
1469 1279 1747 1334 effectibus
1781 1281 1910 1333 con-

312 1375 652 1446 sequentium
686 1372 912 1428 formam
949 1373 1250 1443 praetulisse
1298 1389 1312 1427 :
1368 1379 1529 1442 atque
1574 1371 1645 1425 ita
1691 1384 1910 1440 semper

314 1467 368 1520 in
420 1465 718 1536 Scripturis
747 1463 1059 1520 caelestibus
1108 1478 1410 1518 sermonem
1439 1477 1654 1518 omnem
1708 1471 1911 1531 tempe-

291 1568 489 1615 .ratum
550 1558 737 1624 fuisse,
793 1567 851 1612 ut
892 1572 997 1612 non
1052 1557 1229 1612 minus
1269 1557 1352 1612 his
1390 1571 1512 1626 quae
1560 1555 1906 1626 gerebantur,

315 1666 474 1721 quam
512 1665 699 1706 eorum
741 1665 861 1718 quae
900 1649 1133 1718 gerenda
1182 1659 1364 1704 essent
1407 1648 1744 1703 similitudini
1779 1662 1912 1702 con-

314 1743 542 1797 veniret.
572 1740 791 1796 Juvenis
835 1740 922 1795 hic
975 1741 1156 1810 itaque
1186 1739 1414 1794 formam
1441 1738 1652 1794 Judaici
1717 1737 1903 1809 populi

2009 546 2176 594 restet
2203 539 2222 608 (
2246 537 2410 606 Ibid.,
2441 539 2557 608 20).
2583 538 2710 605 Sed,
2738 549 2796 594 ut
2832 539 3088 606 diximus,
3117 555 3293 610 neque
3321 538 3605 609 superiora

2008 629 2094 684 illa
2127 640 2312 701 egerat
2331 631 2398 686 ad
2420 647 2540 702 qum
2565 631 2876 697 remittitur,
2895 643 2949 687 et
2971 631 3022 686 in
3047 631 3176 701 ipsis
3203 631 3436 702 glorians
3467 640 3602 684 tam-

2008 737 2167 792 quam
2218 732 2622 779 consummatus
2677 722 2794 778 hacc
2844 722 3099 793 loquitur.
3182 723 3281 778 Cui
3346 722 3602 778 Dominus

2009 814 2320 883 respondet,
2347 814 2628 870 vendenda
2658 816 2837 870 omnia
2860 814 3000 870 bona
3028 830 3129 871 sua
3174 830 3317 882 esse,
3341 824 3396 869 et
3423 814 3600 870 danda

2012 904 2339 974 pauperibus
2368 922 2381 957 :
2413 914 2468 960 et
2499 915 2624 961 tunc
2645 920 2767 961 eum
2816 904 3056 960 futurum
3109 920 3234 962 esse
3278 904 3602 976 perfectum,

2012 996 2430 1070 habitururnque
2459 1000 2773 1055 thesaurum
2807 999 2862 1054 in
2909 999 3064 1056 cmlis
3088 998 3288 1071 (Ibid.,
3316 998 3380 1054 21
3418 998 3458 1070 ).
3493 999 3605 1054 Re-

2016 1092 2316 1162 spondetur
2340 1092 2466 1148 huic
2491 1093 2708 1163 quidem
2733 1092 2944 1163 juveni,
2975 1091 3341 1163 pulcherrimo
3386 1091 3479 1146 illo
3544 1106 3609 1146 ac

2012 1185 2252 1240 maxime
2281 1185 2396 1239 utili
2426 1184 2766 1256 relinquendi
2793 1185 2976 1240 szeculi
3008 1193 3301 1256 praecepto,
3347 1198 3454 1254 quo
3492 1182 3608 1253 jac-

2013 1285 2130 1331 tura
2158 1286 2386 1333 terrente
2409 1278 2724 1332 substantiae
2743 1277 3001 1334 caelorum
3025 1291 3156 1346 opes
3176 1275 3418 1333 emendae
3447 1283 3604 1330 sunt:

2012 1369 2106 1425 sed
2138 1371 2191 1424 in
2221 1385 2289 1425 eo
2316 1369 2457 1441 quod
2482 1370 2619 1425 bona
2650 1383 2746 1424 sua
2777 1369 3011 1424 vendere
3042 1379 3095 1424 et
3125 1368 3255 1423 dare
3284 1367 3609 1438 pauperibus

2009 1462 2251 1532 jubetur,
2280 1464 2658 1519 confidentiam
2684 1464 2817 1534 legis
2843 1464 3154 1533 relinquere
3181 1461 3520 1528 admonetur,
3553 1469 3609 1517 et

2013 1572 2130 1611 eam
2160 1558 2299 1613 felici
2321 1559 2647 1613 commercio
2696 1565 2905 1613 mutare
2939 1575 2951 1611 :
2981 1567 3035 1611 et
3062 1567 3118 1611 ut
3143 1555 3447 1611 meminerit
3474 1569 3599 1609 um-

2014 1646 2165 1701 bram
2209 1648 2262 1702 in
2312 1663 2375 1703 ea
2413 1648 2656 1704 veritatis
2703 1663 2845 1712 esse,
2890 1664 3010 1719 quae
3058 1647 3315 1717 deinceps
3352 1645 3604 1716 pauperi-

2015 1737 2134 1804 bus,
2162 1737 2214 1792 id
2244 1748 2345 1803 est,
2377 1739 2624 1810 gentibus
2652 1741 2722 1794 sit
2749 1739 2848 1794 sub
2889 1740 3058 1810 ipsius
3103 1738 3349 1794 veritatis
3375 1747 3606 1806 corpore

317 1833 496 1902 habet,
552 1835 605 1889 in
630 1834 750 1905 lege
777 1833 1082 1900 insolentis,
1135 1842 1190 1888 et
1234 1833 1369 1887 nihil
1416 1842 1614 1903 praeter
1642 1838 1909 1902 praecepta
1937 1826 2342 1895 Bdividenda;
2408 1831 2523 1885 hzec
2575 1838 2752 1885 autem
2817 1828 3087 1884 neminem
3135 1842 3297 1899 posse
3352 1827 3606 1893 efficere,

316 1926 482 1997 Moysi
509 1927 624 1995 spei
655 1923 1020 1995 exspectantis
1042 1939 1071 1977 a
1115 1921 1352 1978 Christo.
1405 1923 1506 1979 Cui
1537 1923 1814 1986 Dominus,
1849 1922 1903 1976 in

314 2017 672 2088 responsione
731 2018 867 2086 ipsa,
916 2015 1259 2071 severitatem
1305 2014 1492 2086 judicii
1541 2002 1607 2070 ex
1662 2031 1721 2070 se
1747 2013 1910 2070 futuri

313 2117 642 2178 protestatus
664 2115 768 2171 est,
802 2103 1218 2178 dicens(Ibid.,
1244 2108 1309 2161 l7
1340 2107 1401 2177 ):
1445 2107 1582 2173 Quid
1635 2123 1716 2160 me
1761 2122 1911 2160 vocas

315 2199 554 2255 bonum?
586 2198 694 2272 (V.
736 2199 826 2254 lib.
876 2214 929 2254 ιχ
959 2199 1023 2252 de
1055 2197 1224 2265 Trin.,
1275 2214 1328 2250 η.
1380 2197 1468 2252 16.
1506 2194 1524 2268 )
1552 2197 1601 2251 Is
1626 2197 1792 2263 enim,
1825 2197 1912 2254 cui

315 2307 546 2349 necesse
575 2292 643 2346 sit
670 2289 830 2361 impia
861 2299 917 2346 et
942 2290 1121 2360 iniqua
1150 2289 1361 2360 punire,
1412 2289 1634 2344 nomine
1659 2289 1914 2345 bonitatis

316 2384 593 2450 abstinuit,
620 2383 720 2438 soli
753 2383 854 2438 hoc
882 2397 1080 2438 nomen
1116 2383 1226 2437 Deo
1263 2381 1404 2453 patri
1455 2396 1764 2446 reservans,
1823 2380 1912 2451 qui

315 2477 656 2550 se,judicem
711 2477 910 2542 dando,
955 2476 1132 2532 officio
1176 2475 1479 2531 severitatis
1523 2475 1763 2530 exuerit:
1805 2489 1913 2529 non

315 2572 458 2643 quod
487 2571 663 2627 bonus
690 2580 746 2627 ει
784 2571 899 2641 ipse
943 2583 1047 2625 non
1084 2576 1248 2635 esset,
1275 2567 1370 2623 sed
1398 2567 1539 2636 quod
1583 2581 1819 2637 congrua
1858 2564 1914 2621 in

320 2679 444 2720 eum
471 2663 759 2720 severitate
790 2663 952 2732 judex
985 2660 1062 2733 (α)
1111 2670 1255 2717 esset
1285 2675 1498 2716 usurus.

390 2756 443 2810 5.
487 2754 664 2809 Iudici
703 2755 758 2808 in
808 2754 917 2826 lege
967 2754 1244 2824 gloriantes
1301 2751 1408 2823 lege
1445 2753 1817 2807 convincuntur
1843 2751 1918 2806 nil

318 2844 443 2901 recti
464 2846 646 2918 egisse.
671 2873 744 2888 —-
765 2844 920 2900 Hunc
944 2844 1105 2915 igitur
1131 2860 1198 2899 ex
1229 2843 1347 2915 lege
1386 2843 1730 2911 insolentem,
1767 2844 1917 2898 solli-

317 2937 483 2993 citum
510 2937 579 2992 de
607 2936 782 2993 salute
807 2936 1035 2991 remittit
1079 2935 1146 2991 ad
1174 2936 1347 3007 legem
1381 2954 1392 2989 :
1428 2943 1486 2989 nt
1515 2935 1566 2990 in
1597 2951 1660 2990 ea
1691 2937 1827 3005 ipsa,
1861 2936 1913 2990 in

317 3043 423 3099 qua
476 3029 822 3099 gloriaretur,
872 3026 1198 3098 intelligeret
1251 3026 1382 3081 nihil
1430 3041 1488 3082 se
1543 3026 1738 3082 exinde
1782 3023 1916 3082 recti

317 3120 502 3190 operis
529 3118 745 3175 fecisse.
771 3117 966 3174 Verbis
993 3118 1136 3173 enim
1169 3118 1300 3188 legis
1325 3117 1375 3173 ei
1403 3118 1660 3173 Dominus
1689 3133 1914 3187 respon-

2016 1920 2116 1974 nisi
2164 1922 2252 1992 qui
2281 1923 2428 1992 sequi
2456 1923 2682 1991 coeperit
2717 1921 3008 1976 Christum.

2087 2015 2138 2068 7.
2186 2013 2324 2082 Quid
2355 2014 2582 2085 sitquod
2610 2014 2906 2068 adolescens
2932 2031 2964 2067 a
2980 2013 3247 2083 juventute
3281 2012 3381 2085 legi
3425 2029 3480 2067 se
3504 2025 3611 2066 ser-

2013 2104 2145 2158 visse
2193 2113 2418 2159 testetur.
2447 2134 2519 2144 —
2542 2104 2649 2160 Sed
2672 2104 3005 2169 adolescens,
3038 2103 3234 2158 auditis
3282 2103 3383 2173 his,
3442 2102 3610 2157 tristis

2014 2195 2237 2250 recessit
2266 2194 2285 2261 (
2309 2194 2473 2262 Ibid.,
2503 2193 2598 2266 22)
2635 2213 2647 2248 :
2681 2196 2903 2250 multam
2933 2195 3075 2250 enim
3132 2193 3422 2264 opulentia:
3469 2193 3608 2248 fidu-

2015 2287 2152 2341 ciam
2208 2287 2438 2343 habebat
2489 2302 2555 2342 ex
2610 2287 2748 2358 lege.
2788 2287 2967 2358 Atque
3024 2287 3076 2341 iu
3124 2301 3190 2342 eo
3220 2285 3383 2342 etiam
3415 2285 3610 2357 typicac

2016 2377 2320 2434 efficientia:
2351 2381 2489 2434 ratio
2519 2388 2730 2434 servata
2758 2389 2864 2445 est,
2918 2387 2976 2433 ut
3028 2393 3150 2434 cum
3205 2378 3608 2434 adolescentem

2017 2473 2163 2528 hunc
2191 2487 2311 2528 esse
2353 2473 2642 2545 significet,
2687 2475 2804 2544 ipse
2831 2475 3078 2544 superius
3122 2474 3342 2540 dixerit,
3367 2476 3436 2530 ab
3463 2475 3612 2530 omni

2016 2579 2078 2621 se
2116 2565 2399 2636 iuventute
2428 2582 2521 2622 sua
2552 2568 2834 2638 praeceptis
2864 2567 2947 2622 his
2969 2583 3087 2638 quae
3119 2566 3386 2623 habentur
3415 2567 3468 2622 in
3492 2568 3613 2638 lege

2016 2662 2491 2719 servivissezcum
2538 2659 2904 2715 adolescentia
2953 2657 3032 2731 (ά)
3086 2659 3221 2713 intra
3267 2658 3612 2728 juventutem

2017 2756 2107 2823 sit,
2137 2764 2193 2811 et
2220 2755 2485 2825 posterior
2509 2754 2681 2808 aetatis
2707 2753 3040 2824 gradus'non
3081 2751 3251 2822 possit
3283 2753 3419 2807 intra
3461 2752 3609 2821 prio-

2017 2848 2094 2903 ris
2123 2847 2195 2920 (e)
2241 2847 2499 2903 terminos
2525 2844 2812 2901 contineri.
2840 2843 2946 2923 Sed
2968 2844 3072 2900 hoc
3100 2843 3242 2909 ideo,
3276 2855 3336 2898 ut
3362 2859 3392 2896 a
3411 2842 3609 2913 juven-

2021 2947 2133 2994 tute
2159 2937 2226 3010 (ι’)
2255 2939 2356 2993 hoc
2379 2938 2667 3002 serviente,
2687 2937 2906 3007 longum
2942 2935 3050 3007 jam
3077 2935 3128 2990 in
3156 2950 3320 3007 opere
3347 2935 3482 3005 legis
3512 2950 3610 3006 po-

2019 3029 2128 3099 puli
2162 3037 2372 3099 tempus
2397 3027 2726 3084 ostenderet.

2090 3120 2158 3175 8.~
2185 3119 2374 3175 Israeli
2419 3119 2638 3189 superbo
2675 3119 2907 3189 difﬁcilis
2936 3121 3048 3175 caeli
3073 3120 3264 3175 aditus.
3314 3149 3386 3161 —
3410 3118 3618 3178 Dehinc

326 3211 428 3269 dit.
455 3210 561 3268 Sed
609 3210 944 3276 adolescens,
999 3218 1270 3279 tamquam
1315 3208 1541 3279 populus
1587 3208 1825 3263 insolens
1867 3215 1922 3262 ct
1944 3203 1989 3264 C
2024 3212 2281 3268 Dominus
2306 3213 2516 3283 cognita
2541 3213 2900 3269 adolescentis
2919 3213 3284 3270 mmstitudine
3314 3213 3615 3284 respondit,

319 3305 580 3376 glorians,
611 3306 665 3358 in
697 3304 814 3375 lege
861 3301 1106 3369 confidit,
1160 3303 1245 3357 cui
1288 3311 1464 3358 tamen
1516 3302 1806 3358 obsecutus
1851 3317 1918 3358 ex

321 3397 472 3455 nullo
518 3406 620 3454 est.
669 3397 859 3453 Jussus
896 3397 1041 3452 enim
1071 3395 1244 3451 fuerat
1289 3411 1396 3451 non
1442 3396 1690 3452 occidere
1734 3414 1746 3449 :
1796 3411 1921 3466 pro-

322 3491 516 3562 phetas
545 3489 907 3545 interfecerat.
937 3487 1054 3542 Non
1098 3487 1354 3543 mmchari
1388 3505 1400 3540 :
1439 3486 1528 3541 hic
1555 3488 1920 3558 corruptelam

325 3579 473 3646 fidei,
501 3589 556 3635 et
585 3580 686 3649 legi
723 3577 1045 3633 adulterium
1070 3578 1346 3645 intulerat,
1375 3585 1430 3633 et
1450 3576 1531 3649 (b)
1560 3577 1693 3633 deos
1718 3578 1923 3634 alienos

327 3670 672 3726 adoraverat.
700 3669 817 3723 Non
860 3667 1026 3724 furari
1065 3687 1078 3722 :
1127 3669 1214 3723 hic
1244 3679 1369 3723 ante
1409 3684 1568 3738 quam
1624 3669 1922 3724 libertatem

336 3762 594 3818 credendi
625 3762 678 3815 in
715 3761 818 3816 fide
853 3761 1098 3818 Christus
1128 3761 1402 3828 redderet,
1432 3761 1573 3817 furto
1619 3763 1752 3832 legis
1787 3777 1926 3832 pra:-

329 3863 489 3925 cepta
512 3854 775 3910 dissolvit.
799 3853 916 3908 Non
962 3853 1156 3909 falsum
1188 3860 1381 3910 testem
1433 3853 1550 3908 fieri
1581 3870 1594 3907 :
1625 3855 1712 3909 hic
1741 3853 1927 3909 Chris-
1953 3927 1958 3931 ι

333 3956 443 4002 tum
477 3947 689 4018 negavit
713 3961 778 4001 ex
821 3947 1068 4000 mortuis.
1132 3945 1344 4000 Patrem
1383 3955 1436 4000 et
1485 3955 1711 4001 matrem
1763 3946 1927 4017 763

328 4037 512 4108 jussus
552 4046 636 4092 est
662 4037 964 4093 honorare:
1000 4036 1087 4092 hic
1115 4037 1233 4107 ipse
1253 4052 1314 4093 se
1342 4052 1370 4090 a
1403 4037 1496 4092 Dei
1553 4038 1722 4108 patris
1766 4049 1930 4107 atque

333 4132 403 4187 ab
451 4131 712 4188 Ecclesiae
774 4131 968 4186 matris
1015 4130 1215 4186 familia
1277 4129 1585 4191 abdicavit.
1621 4131 1928 4185 Proximum

336 4231 608 4293 tamquam
659 4237 718 4277 se
757 4237 942 4279 amare
990 4230 1293 4292 praeceptus
1323 4231 1448 4277 est:
1501 4222 1589 4277 hic
1634 4221 1929 4289 Christum,

335 4315 428 4385 qui
471 4313 711 4369 omnium
779 4322 1024 4369 nostrum
1092 4327 1288 4382 corpus
1339 4312 1649 4382 assumpsit,
1706 4320 1761 4367 et
1813 4311 1932 4366 uni-

335 4405 530 4475 cuique
580 4412 824 4461 nostrum
877 4404 1135 4474 assumpti
1188 4404 1430 4473 corporis
1488 4403 1800 4459 conditione
1859 4403 1936 4456 fa-

337 4505 456 4552 ctus
502 4505 586 4552 est
621 4496 896 4568 proximus
926 4495 1022 4567 (ε),
1053 4510 1220 4567 usque
1250 4496 1305 4550 in
1347 4510 1559 4565 ptenam
1607 4495 1786 4550 crucis
1816 4510 1937 4564 per-

2020 3304 2242 3360 difficile
2304 3305 2524 3360 divitem
2599 3315 2886 3362 venturum
2954 3305 3009 3361 in
3062 3321 3285 3377 regnum
3353 3306 3616 3362 caelorum

2023 3397 2230 3468 (Ibid.,
2261 3397 2378 3470 25).
2427 3397 2655 3454 Divitem
2699 3414 2758 3454 se
2803 3398 2963 3468 igitur
3013 3399 3199 3463 Israel,
3257 3407 3314 3452 ut
3359 3398 3616 3467 diximus,

2023 3488 2158 3559 legis
2196 3489 2390 3546 fiducia
2434 3491 2782 3561 gloriabatur.
2820 3490 2954 3546 Huic
2983 3491 3218 3547 difficilis
3243 3501 3325 3546 est
3357 3492 3536 3546 aditus
3563 3491 3618 3546 in

2023 3579 2242 3647 coelum,
2267 3589 2478 3637 veteres
2507 3596 2640 3651 Opes
2670 3581 2769 3636 sub
2789 3581 3020 3637 Abrahae
3049 3583 3267 3639 nomine
3290 3583 3467 3639 inanis
3491 3597 3620 3653 pro-

2023 3673 2188 3741 sapia:
2227 3673 2520 3728 ambitione
2554 3675 2833 3729 retinenti.

2097 3765 2151 3820 9.
2183 3763 2387 3818 Crimen
2416 3782 2517 3818 non
2544 3775 2618 3818 est
2639 3766 2691 3818 in
2725 3764 2979 3831 habendo,
3001 3766 3090 3818 sed
3113 3767 3167 3819 in
3193 3766 3413 3821 Itabcndi
3447 3767 3618 3822 modo.

2031 3856 2198 3928 (lpum
2224 3873 2348 3910 cura
2369 3855 2903 3927 periculosa.—Quin
2927 3855 3087 3909 etiam
3109 3856 3328 3925 adjecit,
3354 3857 3620 3914 camelum

2028 3948 2236 4004 facilius
2284 3965 2380 4018 per
2407 3947 2650 4002 foramen
2689 3961 2820 4002 acus
2846 3961 3005 4016 posse
3050 3946 3300 4014 transire,
3328 3964 3485 4019 quam
3513 3963 3624 4004 cm-

2027 4039 2201 4094 lormn
2228 4055 2450 4106 regnum
2500 4039 2721 4110 divitem
2753 4037 2979 4092 introire
3025 4037 3214 4109 (Ibid.,
3241 4039 3311 4093 24
3334 4037 3372 4110 ).
3404 4037 3478 4109 (g)
3509 4038 3621 4093 Ha-

2031 4131 2162 4187 bere
2189 4131 2432 4185 criminis
2456 4146 2563 4185 non
2593 4138 2698 4197 est,
2727 4130 2824 4185 sed
2871 4130 3062 4185 modus
3106 4131 3163 4185 in
3194 4130 3442 4187 habendo
3496 4131 3627 4186 reti-

2033 4223 2240 4279 nendus
2265 4220 2428 4294 764
2449 4231 2550 4277 est.
2586 4221 2716 4276 Nam
2762 4221 3034 4293 quomodo
3073 4221 3488 4291 impertiendum
3518 4231 3626 4292 est,

2033 4315 2304 4387 quomodo
2349 4314 2878 4383 communicandum,
2919 4315 2964 4370 si
3009 4316 3353 4386 impertieudi
3397 4326 3452 4373 et
3479 4332 3629 4373 com-

2034 4406 2341 4462 municandi
2370 4408 2598 4464 materia
2630 4422 2735 4462 non
2768 4408 3143 4478 relinquatur?
3199 4409 3341 4479 Ergo
3368 4419 3630 4467 nocenter

2039 4499 2206 4570 magis
2232 4499 2453 4567 habere,
2485 4517 2645 4572 quam
2691 4501 2824 4556 illud
2855 4501 3028 4571 ipsum
3056 4501 3256 4558 habere
3299 4503 3359 4557 fit
3400 4507 3628 4562 crimen.

338 4598 555 4644 secutus
593 4598 698 4644 est.
734 4588 804 4644 Ut
831 4589 993 4659 igitur
1044 4588 1129 4643 his
1165 4587 1448 4658 depositis,
1502 4603 1566 4644 ac
1592 4588 1779 4644 recisis
1819 4603 1934 4643 om-
1959 4578 2014 4638 D
2041 4592 2148 4649 Sed
2195 4593 2490 4663 periculosa
2518 4609 2645 4649 cura
2674 4606 2778 4661 est,
2808 4594 2947 4650 velle
2994 4594 3263 4652 ditescere
3297 4613 3312 4650 :
3359 4604 3414 4650 et
3461 4610 3634 4667 grave

339 4679 498 4734 nibus
519 4679 664 4736 vitiis
692 4679 746 4735 in
787 4681 957 4751 legem
990 4689 1373 4746 reverteretur,
1407 4691 1490 4736 est
1511 4680 1713 4750 jussus.

412 4774 466 4827 6.
496 4773 572 4827 Ab
599 4773 780 4828 umbra
823 4773 950 4846 legis
1004 4773 1073 4828 ad
1129 4774 1470 4846 evangelicum
1521 4774 1782 4829 veritatem
1834 4776 1934 4829 mi-

341 4880 492 4938 grare
535 4867 836 4921 suadentur.
886 4895 960 4907 —
999 4866 1104 4923 Sed
1131 4865 1441 4937 respondet,
1479 4865 1596 4922 htec
1624 4866 1806 4924 omnia
1852 4867 1934 4924 fe-

340 5032 351 5046 ’
417 5026 494 5098 (ιι)
537 5026 681 5083 Editi
711 5036 939 5099 excepto
963 5025 1088 5083 Par.
1119 5041 1242 5082 cum
1280 5025 1484 5098 aliquot
1513 5040 1646 5082 mss.
1698 5035 1823 5081 esset
1847 5026 1933 5098 fu.

345 5103 513 5152 turus.

416 5167 510 5240 (b),
542 5169 675 5226 Bad.
724 5178 779 5225 et
825 5169 919 5224 Er.
947 5170 1046 5223 diis
1066 5169 1249 5224 alienis
1273 5169 1591 5224 adoraverat.
1630 5167 1766 5223 Tum
1813 5167 1938 5240 Lip-

342 5239 458 5310 sius
480 5239 548 5295 de
575 5255 676 5295 suo
716 5241 894 5310 posuit
926 5240 1233 5295 adoleverat.
1257 5241 1430 5310 Supra
1470 5255 1589 5309 cap.
1639 5240 1728 5304 12,
1757 5257 1810 5292 n.
1841 5239 1934 5306 22,

344 5309 689 5365 observatum
719 5309 804 5365 est
855 5311 908 5365 in
957 5311 1227 5380 plerisque
1259 5309 1387 5364 mss.
1434 5310 1616 5365 haberi
1666 5310 1940 5380 adoratum

349 5389 524 5447 postea
549 5383 828 5450 pecudibus
853 5391 899 5435 et
939 5379 1096 5436 saxis.
1142 5379 1223 5436 Ad
1274 5382 1456 5436 Hilarii
1510 5380 1827 5434 sententiam
1862 5379 1940 5450 Vde

346 5452 490 5506 furto
514 5449 570 5508 ει
594 5453 858 5507 adulterio
887 5453 1093 5506 accedit
1119 5452 1248 5506 illud
1270 5452 1476 5505 ’l‘urihii
1507 5451 1646 5504 inter
1679 5449 1938 5517 epistolas

348 5519 546 5578 Leonis
573 5523 706 5579 edit.
731 5522 988 5589 Qucsuel,
1006 5593 1009 5594 ν
1029 5538 1151 5594 pag.
1177 5523 1282 5577 459
1325 5539 1337 5574 :
1364 5521 1542 5592 Neque
1571 5520 1661 5572 illa
1679 5519 1939 5594 solasunt

349 5595 508 5664 furta,
539 5610 652 5663 quia
671 5594 959 5648 alienorum
979 5589 1262 5664 direptione
1283 5589 1665 5664 committuntur
1685 5606 1705 5664 ί
1729 5590 1807 5644 vel
1828 5589 1941 5644 sola

349 5660 623 5732 adulteria,
653 5680 768 5736 qua:
795 5665 996 5729 violatis
1036 5660 1290 5718 maritalis
1337 5663 1471 5716 thori
1515 5660 1780 5736 affectibus
1823 5676 1942 5729 per-

352 5741 612 5804 petramus
633 5733 769 5790 (sed
791 5747 838 5788 et
867 5736 1135 5790 subtractis
1160 5749 1272 5804 qua:
1301 5749 1417 5788 vera
1445 5741 1593 5804 sunt,
1639 5733 1838 5804 furtum
1856 5747 1941 5786 σας

379 5802 558 5861 Italicis
586 5805 958 5879 ﬁdeipervcrsi
984 5801 1237 5879 dogmatis
1269 5805 1391 5877 facit
1416 5802 1664 5872 assertio;
1690 5812 1739 5860 et
1770 5801 1944 5860 adver-

2043 4699 2179 4741 onus
2226 4684 2531 4740 innocentia
2574 4685 2738 4749 subit,
2769 4685 3115 4740 incrementis
3145 4699 3308 4756 opum
3349 4695 3630 4756 occupata.

2040 4777 2175 4832 Rem
2222 4776 2366 4831 enim
2418 4776 2622 4843 saeculi,
2673 4775 2959 4832 famulatus
3012 4775 3109 4832 Dei
3155 4793 3262 4834 non
3304 4778 3421 4834 sine
3450 4779 3634 4836 smculi

2041 4869 2210 4940 ipsius
2269 4868 2414 4925 vitiis
2480 4867 2800 4938 assequitur.
2849 4867 2985 4924 Hinc
3020 4867 3242 4925 difficile
3289 4878 3370 4924 est
3414 4870 3637 4928 divitem

2039 5043 2130 5081 sus
2181 5027 2442 5081 veritatem
2491 5023 2645 5081 Verbi
2674 5021 2790 5090 Dei,
2819 5025 3074 5079 malarum
3111 5024 3460 5081 doctrinarum
3485 5027 3640 5083 adul-

2043 5099 2171 5152 terio
2196 5103 2214 5163 ',
2257 5098 2472 5152 zizaniw
2500 5097 2695 5150 semina
2715 5097 3000 5167 jaciuntur.

2115 5167 2190 5238 (ε)
2237 5167 2292 5238 [3
2324 5183 2454 5224 mss.
2502 5169 2561 5238 ﬁt
2598 5169 2884 5237 proximus.

2113 5236 2198 5309 id)
2242 5236 2406 5302 Editi,
2457 5236 2605 5304 intra
2633 5242 2942 5305 iuventutem
2994 5253 3011 5292 :
3063 5237 3459 5308 refragantibus
3501 5257 3634 5297 mss.

2044 5309 2150 5365 Sed
2176 5317 2230 5363 et
2257 5325 2380 5384 mox
2409 5309 2808 5384 tetassuperior
2832 5310 3140 5364 inferiorem
3167 5310 3324 5378 intra,
3368 5327 3475 5367 non
3498 5315 3639 5384 infra

2044 5394 2105 5435 se
2129 5380 2406 5434 continere
2453 5379 2672 5435 dicitur.

2113 5449 2265 5524 (etln
2291 5450 2517 5524 vulgatis
2545 5449 2761 5522 priores.
2805 5450 3134 5508 Concinnius
3178 5451 3232 5507 in
3272 5467 3404 5508 mss.
3451 5453 3642 5524 prioris

2046 5519 2299 5575 videlicet
2323 5519 2516 5576 aetatis.

2116 5587 2188 5660 (Ῑ)
2219 5590 2520 5645 Pronomen
2549 5592 2663 5667 hoc,
2681 5607 2788 5667 quo
2813 5593 3129 5667 adolescens
3147 5593 3434 5667 indicatur,
3455 5610 3484 5650 a
3516 5594 3644 5667 Lips

2045 5661 2126 5716 sio
2146 5669 2470 5730 expunctum
2490 5661 2819 5718 restituimus
2831 5665 3149 5720 auctoritate
3172 5664 3304 5718 Bad.
3323 5661 3485 5721 Er.’et
3503 5661 3634 5723 mss.

2119 5729 2198 5815 (g)
2219 5729 2352 5815 Post
2374 5732 2598 5788 verbum
2642 5733 2846 5804 habere,
2882 5735 3066 5794 excusi
3108 5735 3370 5806 adjiciunt
3407 5737 3636 5815 divitias,

2048 5802 2406 5862 renitentibus
2437 5819 2572 5863 mss.
