4222 6262
633 317 769 382 i027

1841 291 2086 364 SANCTI
2123 305 2381 378 utLtntt
2417 308 2725 370 EPlSCUl’l

3780 311 3930 368 “18

633 443 856 500 regnum
879 427 1139 484 caelorum
1168 426 1338 484 adire.
1362 427 1534 496 Atque
1561 423 1742 492 etiam,
1774 423 1899 493 quia
1929 423 2002 479 uti
2042 421 2221 492 plures
2247 423 2301 484 Α
2325 423 2538 495 pandit;
2568 425 2944 498 omnibusque,
2975 425 3066 496 qui
3089 424 3340 492 universa
3362 424 3671 496 reliquerint
3693 437 3930 496 prOptcr

631 521 715 576 his
761 536 879 590 qum
913 519 1112 576 habent
1139 527 1286 574 recte
1331 525 1576 594 possent,
1601 530 1664 572 ea
1720 514 1775 569 in
1820 527 2070 570 sermone
2103 512 2210 568 Do-

629 611 759 668 mini
799 612 935 667 ratio
963 620 1175 668 servata
1196 619 1300 678 est,
1335 619 1394 664 ut
1431 624 1537 664 non
1567 605 1814 664 absolute
1851 617 2076 675 regnum
2104 616 2218 658 coe-

625 705 800 761 lorum
852 719 1012 760 nemo
1058 703 1281 758 introire
1328 709 1552 773 posset;
1599 697 1698 756 sed
1756 697 1980 767 intelligi
2035 701 2220 766 posset

625 795 925 852 futurorum
957 798 1148 854 raritas
1175 811 1241 856 ex
1271 793 1612 860 difﬁcultate.
1651 791 1720 850 Et
1747 790 1866 846 haec
1891 787 2107 866 quidem
2152 785 2217 844 ad

624 889 890 960 simplicis
934 904 1127 946 sensus
1175 887 1584 958 intelligentiam
1635 887 1907 956 pertinent
1947 901 1962 938 :
2033 895 2216 938 verum

625 981 816 1037 eodem
848 996 1006 1036 cursu
1036 981 1308 1038 interioris
1329 993 1506 1034 causa:
1537 977 1670 1036 ordo
1696 974 2015 1036 retinendus
2039 983 2144 1030 est.

698 1071 786 1126 10.
819 1071 933 1135 ,Cur
961 1071 1160 1128 Iudicis
1181 1071 1400 1144 diﬁicilis
1419 1071 1531 1127 cali
1554 1071 1744 1128 aditus.
1765 1098 1837 1110 —
1863 1067 2216 1133 Adolescens,

624 1173 682 1218 ut
712 1162 965 1226 diximus,
995 1164 1254 1230 insolens,
1290 1163 1377 1220 ubi
1409 1162 1678 1231 jacturam
1711 1161 1845 1232 legis
1875 1160 2054 1215 facere
2082 1173 2218 1230 prat-

623 1254 843 1328 cipitur,
875 1263 1102 1312 incestus
1127 1265 1181 1310 et
1210 1255 1375 1314 tristis
1403 1265 1504 1318 est.
1528 1253 1626 1309 Est
1654 1262 1834 1308 autem
1865 1252 1988 1307 huic
2023 1250 2219 1322 pepulo

625 1363 756 1404 crus
787 1356 843 1404 et
870 1350 1047 1418 passio
1077 1348 1427 1414 scandalum;
1475 1357 1530 1404 et
1556 1346 1758 1408 idcirco
1789 1345 1890 1417 ipsi
1921 1345 2054 1406 nihil
2075 1344 2220 1399 salu-

625 1439 693 1494 tis
719 1455 784 1495 ex
832 1456 894 1496 ea
925 1449 1025 1496 est.
1077 1440 1185 1496 Sed
1212 1441 1470 1511 gloriatur
1515 1441 1566 1495 in
1620 1440 1773 1510 lege,
1823 1447 1879 1500 et
1907 1437 2220 1496 colueredes

621 1543 810 1602 gentes
853 1542 1194 1603 aspernatur,
1221 1542 1276 1589 et
1318 1533 1548 1590 transire
1570 1535 1622 1589 in
1644 1532 2011 1603 evangelicum
2041 1530 2212 1588 liber-

619 1632 784 1679 tatem
817 1636 1071 1682 recusat:
1101 1638 1259 1696 atque
1291 1627 1409 1684 ideo
1443 1626 1666 1684 difﬁcile
1699 1641 1920 1696 regnum
1943 1625 2210 1682 ctelorum

619 1712 885 1772 introibit.
920 1715 1082 1772 Pauci
1112 1717 1256 1774 enim
1307 1733 1515 1779 eorum,
1540 1725 1594 1772 et
1631 1716 1782 1786 juxta
1809 1714 2212 1772 multitudinem

2323 531 2518 574 nomen
2549 517 2684 588 ejus,
2718 514 2949 576 fructum
2984 517 3221 588 centopli
3269 517 3474 589 praemii
3527 528 3861 576 reservatum
3899 535 3920 574 :

2321 609 2524 666 multos
2547 617 2725 666 autem
2756 625 2822 665 es
2853 609 3163 670 novissimis
3189 609 3417 682 primos,
3445 619 3502 667 et
3520 625 3585 666 ex
3614 609 3803 680 primis
3831 609 3926 666 ιἰι-

2323 708 2472 756 turos
2498 701 2840 758 novissimos.

2391 792 2446 846 2.
2487 791 2804 862 Spiritaliter
2843 794 3062 865 intelligi
3106 793 3270 848 debet.
3305 823 3376 836 —
3407 791 3571 852 Multa
3618 804 3770 862 sunt,
3803 810 3930 865 qua

2323 897 2428 940 non
2471 881 2656 940 sinunt
2700 901 2798 942 nos
2826 887 3056 956 simplici
3089 886 3366 942 intellectu
3411 886 3560 942 dicta
3604 887 3929 958 evangelica

2320 977 2616 1046 suscipere.
2645 977 2980 1050 Interpositis
3004 979 3150 1034 enim
3181 967 3452 1040 nonnullis
3483 978 3672 1047 rebus,
3707 994 3830 1048 qua:
3855 994 3930 1033 ex

2322 1077 2512 1125 natura
2540 1068 2758 1126 humani
2785 1085 2981 1126 sensus
3005 1070 3111 1126 sibi
3154 1070 3441 1125 contrariae
3466 1079 3614 1133 sunt,
3645 1069 3926 1126 rationem

2320 1176 2564 1235 quaerere
2586 1161 2823 1218 omlestis
2848 1162 3217 1234 intelligentia:
3245 1161 3625 1218 admonemur.
3656 1159 3734 1234 (ε)
3781 1161 3934 1231 Δρο-

2323 1257 2447 1314 stoli
2475 1255 2690 1326 dicunt,
2717 1265 2773 1313 et
2799 1258 2953 1328 sequi
2976 1271 3037 1313 se
3077 1255 3379 1322 Christum,
3407 1265 3460 1311 et
3499 1270 3562 1311 se
3585 1253 3764 1314 omina
3794 1253 3928 1309 reli-

2320 1347 2546 1418 quisse:
2578 1347 2848 1419 quomodo
2894 1348 3051 1419 igitur
3093 1347 3232 1403 ﬁunt
3279 1347 3500 1412 tristes,
3544 1356 3602 1401 et
3652 1343 3927 1416 quomodo

2322 1449 2587 1507 metuunt,
2610 1440 2852 1496 dicentes
2871 1442 3077 1498 salvum
3101 1455 3224 1496 esse
3246 1439 3514 1495 neminem
3536 1439 3733 1508 posse?
3753 1437 3918 1496 Nam-

2322 1548 2427 1604 que
2469 1543 2524 1590 et
2565 1534 2634 1590 ab
2661 1535 2778 1592 aliis
2824 1533 2941 1599 ﬁeri
2973 1543 3200 1602 poterat,
3233 1533 3282 1590 si
3323 1533 3452 1603 quid
3497 1531 3756 1590 fecissent
3782 1533 3915 1602 ipsi.

2325 1625 2527 1684 Deinde
2545 1641 2668 1682 eum
2693 1625 2949 1682 fecissent
2976 1626 3108 1696 ipsi;
3133 1641 3299 1697 (mare
3321 1635 3497 1682 metus
3525 1624 3610 1679 vel
3639 1623 3782 1680 unde
3807 1639 3929 1680 sus-

2324 1729 2514 1791 ceptus
2557 1721 2676 1776 est?
2703 1720 2934 1778 Additur
2963 1721 3126 1777 etiam
3173 1720 3226 1774 in
3278 1717 3638 1788 responsione
3684 1718 3929 1783 Domini,

617 1810 859 1876 gentium
887 1809 1177 1868 admodum
1205 1809 1311 1866 rari
1356 1817 1511 1866 erant
1537 1807 1798 1864 credituri
1826 1825 1839 1861 :
1873 1815 1930 1862 ut
1960 1807 2106 1879 (mss.
2137 1805 2212 1876 et)
2243 1812 2292 1880 Β
2321 1815 2436 1878 haec
2481 1813 2623 1884 apud
2677 1813 2928 1870 homines
2977 1810 3330 1883 impossibilia
3355 1851 3372 1876 ,
3440 1810 3713 1880 possibilia
3764 1811 3920 1881 apud

620 1897 838 1953 difﬁcile
863 1901 1220 1969 prmduratam
1248 1901 1300 1956 in
1330 1900 1447 1971 lege
1469 1901 1828 1966 voluntatem,
1861 1898 1928 1960 ad
1953 1897 2218 1969 praedica-

622 1989 821 2044 tionem
843 1992 1174 2062 evangelicae
1198 1992 1517 2059 humilitatis
1541 1991 1901 2048 innectereut.

694 2082 781 2136 11.
828 2082 1042 2138 Pervius
1072 2095 1143 2138 est
1175 2084 1431 2155 gentibus.
1461 2082 1656 2140 Corneli
1680 2092 1888 2136 natura.
1917 2110 1990 2122 -
2012 2079 2120 2137 Sed
2140 2078 2218 2138 lac

617 2174 773 2230 cilius
800 2176 1038 2230 camelus
1063 2191 1157 2248 per
1189 2170 1430 2230 ieramen
1461 2191 1591 2232 acus
1623 2175 1891 2238 transibit.
1927 2173 2044 2230 Non
2075 2189 2211 2229 eon-

621 2266 768 2321 venit
798 2267 1008 2323 camelo
1029 2283 1149 2324 eum
1173 2285 1302 2326 acus
1325 2267 1591 2328 foramine
1619 2285 1632 2325 :
1667 2285 1841 2339 neque
1866 2269 1919 2322 in
1957 2267 2218 2337 angustiis

620 2375 865 2418 caverna:
892 2361 1278 2431 exiguissimm,
1327 2362 1493 2430 recipi
1521 2362 1722 2432 poterit
1761 2359 1956 2418 bellum
1985 2357 2218 2429 ingentis
2245 2371 2256 2377 ‘

617 2453 944 2510 informitas.
972 2454 1082 2510 Sed
1105 2455 1157 2509 in
1182 2455 1474 2525 primordio
1498 2455 1619 2509 libri
1646 2458 1788 2524 (cap.
1817 2453 1875 2520 2,
1898 2470 1953 2514 η,
2002 2453 2088 2524 2),
2117 2449 2218 2506 sub

619 2546 814 2602 vestitu
841 2545 1126 2612 Johannis,
1157 2546 1212 2601 in
1243 2546 1450 2602 camelo
1480 2555 1672 2616 gentes
1695 2543 1986 2616 signiﬁcari
2034 2545 2221 2600 adrue-

618 2642 858 2698 nuimus.
891 2639 1063 2698 Pecus
1082 2640 1226 2696 enim
1248 2639 1353 2700 hoc
1378 2640 1452 2712 (α)
1479 2639 1884 2706 νθτιιὶενοιιειιιι,
1916 2647 2064 2698 metu
2089 2653 2219 2698 con—

622 2733 844 2800 tinetur,
870 2733 1065 2806 jejnnii
1095 2733 1302 2805 patiens
1333 2742 1438 2801 est,
1470 2742 1524 2788 et
1548 2731 1702 2792 oneri
1724 2747 1823 2787 suo
1845 2730 2076 2803 quadam
2105 2729 2217 2788 dis-

621 2825 832 2898 ciplinae
871 2830 1082 2888 ratione
1110 2828 1447 2884 succumbit:
1479 2828 1634 2899 cujus
1660 2827 1944 2898 exemplo,
1975 2826 2218 2896 gentium

2326 1906 2512 1962 Deum.
2559 1904 2826 1975 Numquid
2871 1903 3014 1974 apud
3046 1902 3293 1958 homines
3333 1903 3676 1972 impossibilia
3724 1912 3912 1970 erant,

2320 2013 2440 2067 qum
2468 2004 2525 2052 et
2550 1996 2795 2065 Apostoli
2824 1996 3017 2052 fecisse
3042 2009 3102 2050 se
3137 1995 3465 2066 gloriantur,
3496 2004 3548 2049 et
3590 1995 3778 2050 iecisse
3807 2009 3914 2052 eos

2323 2088 2578 2146 Dominus
2600 2088 2841 2158 agnoscit
2865 2104 2879 2147 ;
2907 2097 2962 2142 et
2987 2085 3245 2156 deinceps
3275 2087 3455 2155 plures
3484 2101 3648 2155 usque
3671 2084 3741 2146 ad
3769 2102 3920 2142 mar-

2322 2179 2445 2250 tyrii
2474 2178 2860 2238 beatitudiiietn
2891 2188 3076 2234 essent
3101 2178 3282 2232 omnia
3309 2176 3550 2232 relicturi
3569 2177 3596 2230 l‘
3617 2177 3726 2232 Aut
3757 2192 3927 2234 num-

2321 2269 2448 2342 quid
2468 2279 2552 2326 est
2581 2268 2711 2336 Deo,
2738 2283 2845 2338 quo
2882 2283 3043 2339 egero
3076 2267 3276 2337 possit;
3323 2267 3680 2338 relictumque
3706 2269 3776 2322 sit
3813 2267 3920 2324 ali-

2322 2363 2471 2433 quid,
2499 2363 2643 2433 quod
2674 2359 2755 2433 (d)
2779 2361 2990 2431 jactura
3019 2375 3200 2418 rerum
3227 2375 3361 2429 quas
3383 2359 3578 2415 habeat
3603 2361 3674 2413 sit
3695 2375 3926 2428 sequen-

2322 2454 2472 2521 dum,
2519 2464 2576 2514 ut
2615 2453 2718 2511 soli
2751 2454 2848 2523 ipsi
2879 2453 2983 2508 hoc
3032 2451 3212 2508 facere
3253 2451 3508 2522 possibile
3551 2451 3664 2506 sit?
3717 2451 3920 2508 Omnis

2323 2548 2505 2618 itaque
2527 2547 2613 2602 hic
2636 2561 2816 2604 sermo
2841 2555 2925 2602 est
2953 2545 3235 2615 spiritalis.

2395 2642 2447 2696 ὅ.
2490 2639 2750 2710 Apostolis
2795 2640 2903 2698 sine
2949 2637 3083 2708 Lege
3134 2639 3276 2693 salus
3327 2637 3470 2694 nulla
3513 2637 3810 2694 uidebatur.
3855 2665 3933 2677 —-

2323 2733 2566 2804 Apostoli
2613 2731 2760 2792 enim
2807 2730 3120 2800 spiritaliter
3163 2729 3488 2794 audientes,
3543 2730 3822 2786 neminem
3851 2745 3923 2784 ex

2320 2825 2441 2896 lege
2473 2839 2631 2894 posse
2675 2821 2895 2888 salvari,
2927 2820 2999 2894 (ο)
3023 2837 3147 2877 cum
3194 2822 3294 2892 ipsi
3342 2824 3507 2880 etiam
3559 2831 3689 2876 tunc
3715 2821 3774 2876 in
3802 2821 3923 2890 lege

621 2917 929 2980 immanitas
969 2921 1038 2976 ad
1084 2922 1448 2976 obedientiam
1489 2931 1885 2992 praeceptorum
1913 2920 2220 2976 coilestium
2324 2928 2532 2981 essent;
2565 2931 2690 2972 nam
2730 2916 3023 2970 vehemens
3065 2928 3161 2969 ens
3187 2927 3340 2972 arnor
3369 2913 3502 2982 legis
3531 2910 3795 2982 favorque
3823 2911 3926 2970 de-

623 3013 914 3068 emollitur.
950 3013 1040 3068 Ha:
1070 3015 1230 3086 igitur
1259 3015 1694 3086 angustissimum
1726 3017 1828 3073 iter
1854 3016 2006 3088 regni
2029 3015 2217 3072 cteleso
2327 3011 2482 3068 tinuit
2510 3027 2523 3064 :
2555 3009 2608 3064 hi
2635 3008 2813 3079 igitur,
2850 3005 3089 3068 nondum
3121 3005 3340 3076 penitus
3358 3003 3660 3073 evangelici
3681 3001 3930 3073 mysterii

620 3104 690 3162 tis
717 3104 991 3162 introeunt
1032 3123 1046 3161 :
1091 3123 1223 3164 acus
1251 3107 1479 3176 scilicet,
1506 3125 1625 3179 quae
1656 3115 1742 3164 est
1771 3106 1922 3164 verbi
1968 3106 2045 3179 (b)
2093 3105 2221 3164 novi
2325 3102 2553 3158 veritate
2593 3107 2888 3169 comperta,
2937 3106 3184 3152 metuunt
3229 3095 3501 3158 neminem
3545 3095 3763 3154 salvum
3797 3108 3929 3150 esse

619 3195 956 3266 praedicatio,
1006 3213 1103 3270 per
1131 3215 1294 3268 quam
1321 3215 1611 3270 corporum
1642 3200 1867 3256 vulnera
1908 3206 2217 3264 assuuntur,
2249 3191 2296 3258 C
2329 3206 2487 3263 posse
2513 3190 2631 3248 sine
2661 3190 2778 3260 lege
2807 3204 2822 3246 :
2853 3188 2977 3257 quia
3005 3202 3223 3242 omnem
3258 3185 3488 3242 salutem
3515 3185 3680 3242 etiam
3711 3194 3840 3240 tunc
3869 3184 3927 3238 in

622 3295 678 3342 et
702 3287 904 3344 dissuta
931 3290 1163 3346 vestium
1187 3300 1526 3358 retexuntur,
1557 3303 1612 3346 et
1639 3307 1784 3350 mors
1803 3290 1917 3360 ipsa
1956 3305 2220 3360 compun-

621 3377 785 3448 gitur.
819 3377 960 3448 Ergo
991 3377 1149 3450 hujus
1194 3397 1346 3435 novze
1373 3381 1770 3450 praedicationis
1815 3379 1918 3436 hoc
1967 3381 2072 3434 iter
2097 3389 2216 3435 est:

623 3463 676 3530 in
705 3467 848 3536 quod
874 3468 1084 3523 facilius
1130 3470 1434 3526 infortnitas
1471 3471 1711 3541 gentium
1756 3469 2026 3540 introibit,
2060 3485 2221 3541 quam

625 3558 900 3629 opulentia
925 3559 1127 3626 divitis,
1161 3561 1213 3616 id
1243 3569 1346 3627 est,
1375 3561 1656 3632 gloriantis
1683 3563 1736 3618 in
1770 3562 1914 3632 lege.

1131 3692 1290 3766 765
1329 3691 1555 3749 CAPUT
1595 3692 1722 3748 xx.

629 3803 709 3862 De
746 3823 835 3879 spe
863 3808 1210 3880 apostolorum
1233 3851 1248 3876 ,
1281 3809 1345 3866 de
1391 3809 1673 3866 novissimis
1701 3810 1880 3886 primis
1929 3811 2220 3883 eﬂiciendis.

706 3899 804 3956 Ubi
830 3902 1185 3956 conducuntur
1214 3903 1436 3974 aperarii
1461 3903 1528 3956 ad
1560 3904 1776 3957 vineam.
1811 3902 1888 3960 De
1917 3904 2228 3978 ﬁliiﬁlebe-

701 3990 822 4056 diei,
853 3992 916 4047 de
943 3994 1109 4063 primo
1135 3994 1391 4064 accubitu,
1424 3994 1487 4048 de
1511 3995 1710 4050 duobus
1742 3997 1889 4051 cwcis
1919 4013 2062 4052 secus
2091 3999 2226 4056 viam

704 4084 1014 4140 sedentibus.

709 4202 759 4256 l.
823 4203 1040 4262 Summa
1083 4204 1214 4260 sacri
1257 4213 1444 4264 textus.
1484 4232 1557 4245 —-
1598 4202 1809 4262 Auditis
1859 4205 2038 4286 itaque
2085 4204 2223 4271 istis,

637 4291 882 4362 discipuli
922 4295 1253 4351 admirantur
1300 4306 1355 4352 et
1381 4304 1648 4361 metuunt,
1681 4298 1921 4352 dicentes
1949 4297 2224 4352 neminem

634 4402 795 4458 posse
834 4386 1028 4444 salvari
1081 4387 1170 4460 (υ.
1225 4388 1401 4446 25-50
1429 4391 1470 4460 ).
1502 4389 1760 4446 Dominus
1798 4390 2098 4458 respondit,
2123 4389 2226 4444 hoc

631 4479 964 4549 impossibile
991 4494 1111 4536 esse
1133 4481 1275 4553 apud
1303 4483 1567 4547 homines,
1595 4483 1844 4552 possibile
1864 4484 2007 4552 apud
2035 4485 2221 4546 Deum.

2327 3283 2446 3354 lege
2474 3281 2819 3338 constituant.
2847 3278 2956 3335 Sed
2988 3277 3250 3334 Dominus
3278 3277 3428 3333 brevi
3458 3277 3814 3348 absolutaque
3840 3291 3933 3334 ra—

2329 3376 2495 3442 tione,
2543 3373 2858 3430 eorumdem
2902 3381 2958 3428 et
3000 3369 3357 3441 ignorantiam
3407 3381 3464 3426 et
3507 3379 3709 3430 metum
3735 3369 3927 3434 solvit,

2327 3469 2542 3539 dicens,
2566 3464 2681 3521 Hoc
2707 3465 2913 3536 quidem
2939 3462 3260 3533 impossibile
3281 3471 3356 3518 est
3381 3461 3518 3530 apud
3549 3459 3773 3516 bonum
3794 3477 3928 3530 pas-

2326 3563 2475 3618 sibile
2499 3570 2671 3616 autem
2699 3559 2841 3630 apud
2877 3557 3055 3613 Deum.
3083 3556 3224 3625 Quid
3251 3557 3398 3612 enim
3428 3553 3611 3612 Judteo
3649 3563 3753 3608 tam
3799 3551 3936 3610 sine

2327 3655 2523 3714 eﬁ‘eetu
2545 3654 2776 3720 videtur,
2806 3651 2876 3724 (Ῑ)
2897 3662 2954 3706 ut
2974 3651 3043 3706 ab
3069 3649 3290 3712 homine
3315 3650 3487 3720 magis
3514 3647 3676 3719 πω
3694 3646 3936 3702 salutem

2328 3746 2664 3822 exspectanti
2709 3753 2767 3800 et
2809 3760 2878 3799 ex
2911 3744 3050 3813 lege,
3081 3757 3243 3813 quam
3273 3749 3332 3796 ut
3361 3741 3412 3795 in
3444 3743 3623 3798 crucis
3665 3739 3928 3796 seandalo

2332 3839 2616 3910 legislatio,
2662 3846 2718 3893 et
2745 3843 3153 3900 testamentum,
3199 3842 3255 3890 et
3283 3831 3524 3902 adoptio,
3557 3841 3612 3888 et
3638 3830 3938 3886 baereditas

2335 3931 2632 4002 negligatur
2661 3927 2778 3998 (9)?
2808 3925 2950 3994 Quid
2976 3933 3156 3986 autem
3189 3924 3286 3980 Dei
3322 3922 3508 3978 virtuti
3539 3920 3651 3978 tam
3674 3922 3936 3992 possibile

2329 4032 2410 4077 est
2433 4061 2451 4088 ,
2498 4035 2660 4092 quam
2715 4027 2773 4073 ut
2812 4033 2907 4088 per
2947 4015 3109 4073 ﬁdem
3139 4016 3330 4080 salvet,
3365 4023 3424 4068 ut
3468 4028 3570 4083 per
3603 4029 3800 4083 aquam
3843 4030 3936 4070 re-

2327 4121 2573 4184 generet,
2624 4121 2680 4167 ut
2725 4126 2821 4182 per
2867 4124 3084 4172 crucem
3125 4109 3347 4172 vincat,
3403 4115 3461 4162 ut
3505 4120 3603 4175 per
3633 4105 3930 4176 Evangelia

2329 4206 2589 4277 adoptet,
2664 4211 2724 4268 ut
2766 4219 2863 4275 per
2926 4202 3380 4264 resurrectionem
3430 4215 3499 4257 es
3555 4206 3732 4258 morte
3782 4199 3926 4256 viri-

2325 4298 2454 4356 tlcet
2477 4300 2500 4355 τ

2397 4395 2453 4447 4.
2499 4390 2836 4464 Regsneratio
2854 4389 2998 4458 quid.
3029 4386 3345 4442 Censuimus
3365 4390 3587 4457 fructus.
3624 4415 3693 4427 —
3722 4385 3939 4451 Quibus

2327 4485 2520 4542 auditis
2537 4486 2768 4554 apostoli
2794 4485 2902 4540 cito
2918 4481 3169 4547 credunt,
3187 4495 3416 4550 seseque
3434 4481 3618 4542 omnia
3640 4479 3938 4549 reliquisse

633 4571 865 4628 Rursum
900 4571 976 4626 illi
1023 4571 1181 4630 dictis
1214 4575 1426 4630 Domini
1472 4574 1588 4630 haec
1636 4574 1869 4637 reddunt
1896 4592 1911 4628 :
1941 4575 2222 4644 reliquisso
2249 4573 2303 4636 D
2330 4579 2663 4644 proﬁtentur.
2701 4577 2811 4634 Sed
2859 4576 2999 4632 hanc
3023 4591 3210 4636 eortim
3255 4575 3620 4633 obedientiam
3672 4577 3785 4630 cito
3830 4571 3940 4628 Do-
3995 4565 4006 4574 ’

632 4678 693 4720 se
719 4665 916 4730 omnia,
947 4674 1003 4721 et
1047 4680 1169 4721 cum
1199 4667 1314 4738 ipso
1351 4682 1492 4724 esse.
1522 4667 1728 4735 Quibus
1773 4668 2050 4732 Dominus,
2097 4682 2220 4722 cum

630 4758 835 4814 sederit
861 4759 912 4813 in
943 4758 1239 4830 majestatis
1265 4775 1378 4815 suae
1416 4760 1569 4826 sede,
1601 4775 1847 4816 sessuros
1874 4774 2036 4831 super
2066 4761 2225 4816 sedes

634 4848 918 4906 duodecim
941 4891 958 4920 ,
998 4866 1066 4907 ae
1091 4853 1318 4916 totidem
1347 4853 1517 4910 tribus
1546 4853 1710 4914 lsrael
1733 4852 2067 4922 judicaturos
2090 4868 2219 4925 spo-

705 5017 780 5094 (u)
823 5019 950 5094 Bad.
979 5027 1035 5074 et
1055 5019 1146 5076 Er.
1181 5018 1469 5094 uerberibus
1496 5019 1683 5094 obedit.

709 5086 783 5162 (ὁ)
825 5090 1111 5144 Vaticanus
1138 5090 1306 5146 codex
1334 5091 1473 5160 apud
1494 5088 1789 5156 Latinium,
1819 5086 2220 5158 mprwdica-

634 5159 728 5224 tio,
759 5162 949 5215 eodem
979 5177 1161 5216 sensu.

709 5230 784 5304 (c)
821 5231 878 5304 lu
908 5247 1037 5286 mss.
1064 5233 1151 5286 hic
1175 5231 1455 5304 dumtaxat
1479 5229 1762 5304 inchoatur
1792 5237 1954 5299 caput
1978 5228 2071 5286 20.

707 5300 788 5372 (ά)
829 5303 949 5359 Par.
982 5319 1102 5358 eum
1138 5319 1239 5357 ms.
1266 5300 1488 5356 Carnut.
1522 5301 1657 5368 quod
1676 5303 1723 5356 ei
1735 5304 1967 5372 jactura.

709 5371 778 5442 (ej
817 5372 1212 5428 Lectionarium
1245 5390 1345 5426 ms.
1376 5372 1628 5428 German.
1662 5371 1778 5428 cum
1799 5377 1952 5426 etiam
1979 5371 2078 5440 ipsi
2119 5386 2225 5442 non

633 5444 997 5499 intellexissent
1040 5461 1059 5500 :
1086 5461 1208 5498 nutu
1247 5443 1531 5500 vehemens.
1581 5442 1829 5513 Apostoli
1872 5444 2124 5498 dicuntur
2169 5441 2224 5494 in

635 5513 752 5586 lege
779 5518 966 5586 nll'ectu
997 5515 1219 5570 versari.

711 5586 780 5658 (f)
819 5585 876 5642 lu
910 5587 1153 5657 vulgatis,
1184 5594 1433 5658 quamrut
1456 5585 1525 5658 ub
1569 5585 1773 5642 homine
1813 5583 2225 5658 mgisﬂsnl'ttlem

639 5656 863 5728 expetat,
891 5656 1042 5728 quam
1067 5673 1131 5712 ex
1161 5658 1269 5729 lege
1297 5673 1314 5712 :
1346 5657 1505 5729 lectio
1546 5658 1725 5714 verbis
1767 5656 2090 5729 evangelieis
2117 5667 2225 5708 non

639 5725 772 5784 eatis
797 5725 1151 5796 respondens.
1179 5725 1237 5782 lu
1270 5728 1539 5784 nonnullis
1560 5743 1691 5788 mss.
1723 5735 1780 5781 ut
1806 5726 1870 5782 ab
1896 5725 2101 5796 Ιιοιιιὶιιο
2123 5739 2228 5796 ιηατ

640 5797 720 5864 gis
744 5794 957 5851 salutem
976 5805 1232 5865 exspectat
1256 5813 1409 5866 quam
1431 5814 1494 5853 ex
1515 5799 1644 5867 lege.
1669 5797 1784 5856 Non
1801 5795 2052 5864 displicet
2079 5794 2223 5863 Quod

2331 4671 2507 4727 minus
2551 4679 2888 4736 muneratur,
2941 4683 3160 4724 omnem
3208 4665 3586 4724 difﬁcultatem
3623 4664 3931 4734 superioris

2329 4763 2643 4834 quaestionis
2670 4762 2982 4825 absolvens,
3025 4774 3146 4820 cum
3177 4758 3345 4814 dicit:
3389 4756 3492 4812 Vos
3511 4756 3777 4826 φάκειιὶ
3803 4756 3934 4810 estis

2328 4872 2410 4912 use
2457 4852 2542 4928 (lt)
2582 4855 2636 4909 iu
2678 4852 3057 4925 regenerations
3097 4849 3402 4923 judicubitis
3461 4847 3730 4906 duodecies
3772 4847 3941 4904 tribus

2332 5016 2388 5072 in
2419 5014 2540 5070 aliis
2567 5013 2833 5084 quinque,
2857 5019 2914 5070 ut
2939 5010 3136 5086 homini
3166 5011 3328 5086 magis
3365 5009 3584 5086 saluum
3611 5009 3939 5086 «spectanti

2332 5101 2398 5140 ea:
2422 5086 2531 5155 lege
2553 5079 3060 5155 {sicques‘ecundis
3102 5079 3259 5155 curis
3288 5079 3582 5155 repositum
3630 5085 3713 5155 est
3741 5080 3797 5132 in
3825 5093 3936 5134 sas.

2333 5147 2537 5212 Τιιτυῖι.
2555 5147 2655 5224 qui
2675 5147 2709 5208 ἐ
2729 5154 2899 5222 witha
2926 5168 3088 5208 tuanu
3106 5147 3436 5224 ιιι-ωῖθσιζιιι
3454 5150 3518 5206 ab
3536 5147 3768 5224 herniae,
3796 5156 3907 5224 etc.
3919 5189 3938 5214 ,

2333 5237 2382 5286 et
2430 5243 2494 5286 ea:
2543 5217 2653 5296 tege
2679 5240 2700 5280 :
2728 5217 2849 5294 quze
2881 5225 3044 5280 lectio
3088 5217 3344 5296 integrior
3394 5222 3527 5296 ἤμειΔ
3552 5226 3659 5274 est.
3706 5217 3941 5296 Iudaeus

2334 5299 2537 5367 quippe
2581 5289 2712 5367 nihil
2746 5289 2953 5364 praeter
2985 5289 3224 5365 Moysen'
3245 5295 3469 5364 ejusque
3513 5289 3688 5360 legem
3716 5289 3941 5367 ⁸ηιιιιὶιη

2335 5361 2544 5432 ἧοιόιιε,
2574 5377 2628 5421 et
2657 5366 2725 5422 ab
2756 5361 2972 5420 homine
2993 5361 3220 5420 salutem
3244 5361 3523 5431 “Spectat
3545 5372 3601 5416 et
3626 5377 3691 5415 ex
3715 5361 3858 5432 lege.

2411 5441 2488 5510 (9)
2533 5431 2762 5510 Ϋθΐὺιιιιι
2794 5439 3102 5510 _negligatur
3148 5436 3348 5510 omittit
3376 5435 3543 5510 prima
3591 5431 3761 5486 editio
3804 5431 3935 5486 Par.

2333 5504 2452 5566 ιιοε
2469 5504 2580 5565 sibi
2609 5510 2738 5572 vult,
2787 5504 2977 5562 tum
3003 5507 3224 5566 stultum
3257 5504 3448 5568 videri,
3482 5512 3541 5558 ut
3565 5517 3744 5557 crucis
3775 5517 3938 5566 scau-

2332 5581 2514 5653 dalum
2541 5578 2860 5653 praetentus-
2905 5579 3150 5653 religioni
3198 5586 3708 5653 patronyouorum
3737 5588 3941 5628 scena-

2333 5654 2459 5708 dum
2487 5645 2805 5719 Apostolus
2825 5649 2984 5708 ﬂetu.
3001 5645 3078 5714 is,
3115 5647 3175 5715 4,
3202 5645 3287 5704 est
3316 5645 3605 5716 legislatio,
3638 5653 3938 5704 testamen-

2333 5729 2472 5782 tum.
2496 5734 2604 5782 σω.

2405 5761 2699 5862 (graces
2741 5792 2797 5850 in
2837 5790 3216 5862 regenerationis
3254 5788 3310 5846 in
3357 5786 3508 5857 prius
3549 5783 3785 5866 vulgatis
3811 5801 3937 5846 cuiu
