4222 6262
269 335 407 394 1039
491 329 494 334 ’

1164 325 1698 392 COMMENTARIUS
1735 328 1799 386 ΙΝ
1839 329 2276 391 MAT'i‘llrEUM.
2303 330 2458 388 CAP.
2502 331 2619 387 XX.

3420 326 3558 389 i030

266 451 454 506 Israel.
485 448 670 506 Secuti
698 448 752 504 in
780 446 1188 518 regensratione
1224 455 1371 509 sunt,
1403 447 1456 502 in
1486 445 1700 502 lavacro
1731 445 1859 514 bap-
1885 449 1937 508 Α
1965 457 2149 502 rantur
2175 461 2440 516 egressus.
2487 445 2544 501 ln
2595 445 2667 519 (τε)
2716 445 3001 502 undecima
3047 454 3224 502 autem
3255 447 3406 511 hora,
3440 465 3560 503 cur-

267 545 432 610 tismi,
459 545 509 598 in
539 543 663 598 ﬁdei
691 540 1134 604 sanctiﬁcatione,
1170 541 1222 594 in
1251 539 1542 607 adoptione
1570 537 1856 592 ltzeredita-

264 637 351 701 tis,
383 637 434 690 in
462 633 858 690 resurrectione
885 647 950 686 ex
975 629 1220 687 mortuis.
1265 629 1388 685 Haec
1416 629 1559 684 enim
1591 629 1680 684 illa
1711 643 1864 698 rege-

265 728 478 782 ueratio
498 737 602 791 est,
630 741 790 796 quam
819 722 1047 793 apostoli
1087 731 1212 778 sunt
1255 721 1445 789 secuti,
1475 737 1635 791 quam
1667 721 1749 775 les
1783 721 1863 775 in-

266 823 487 892 dulgere
514 837 618 876 non
649 819 838 888 potuit,
868 832 986 886 quia
1009 831 1104 871 eos
1131 831 1292 885 super
1318 814 1602 870 duodecim
1635 815 1861 868 thronos

253 914 323 970 .in
352 910 656 983 judicandis
686 907 972 964 duodecim
1001 906 1247 961 tribubus
1275 905 1457 971 Israel,
1489 905 1542 960 in
1571 903 1856 960 duodecim

263 1002 692 1074 patriarcharum
723 998 894 1069 gloria
919 996 1211 1066 copulavit.
1245 996 1468 1050 Cat-teris
1499 1010 1711 1064 quoque
1732 1010 1863 1048 con-

265 1104 468 1165 temptu
498 1091 680 1147 szeculi
709 1105 769 1145 se
797 1089 1169 1158 sequentibus,
1202 1084 1484 1143 ceutesimi
1523 1085 1732 1141 fructus
1770 1099 1862 1140 co-

265 1188 407 1258 piam
450 1185 755 1256 pollicetur.
791 1181 891 1236 ilic
936 1179 1268 1234 centesimus
1317 1178 1520 1234 fructus
1547 1187 1653 1242 est,
1683 1176 1774 1246 qui
1808 1175 1860 1230 in

263 1280 558 1336 centesima
583 1291 688 1331 ove
709 1292 829 1332 cum
858 1274 1066 1330 coalesti
1093 1272 1276 1327 laetitia
1303 1273 1574 1341 expletur.
1619 1269 1713 1326 llic
1743 1284 1863 1328 ceu-

269 1369 502 1425 tesimns
534 1369 735 1422 fructus
782 1375 886 1431 est,
917 1379 1076 1435 quem
1127 1362 1386 1432 perfectae
1439 1375 1597 1417 terra:
1648 1360 1864 1415 ubertas

266 1465 636 1531 consequitur.
661 1459 764 1526 Qui
785 1457 1040 1513 Ecclesiae
1066 1456 1237 1510 honor
1251 1455 1360 1525 jam
1383 1455 1436 1510 iu
1459 1453 1607 1510 Sara:
1633 1453 1722 1522 (V.
1743 1470 1860 1522 cap.

269 1553 357 1617 13,
390 1570 443 1606 n.
474 1551 530 1622 6)
582 1562 940 1620 cognomento
969 1557 1055 1602 est
1077 1547 1398 1612 destinatus,
1423 1557 1474 1600 et
1492 1545 1701 1615 jactura
1732 1544 1864 1614 legis

264 1660 329 1702 ac
371 1644 478 1699 ﬁde
508 1643 825 1713 evangelica
869 1638 1261 1710 promerendus
1291 1649 1373 1694 est
1408 1655 1420 1690 :
1455 1647 1616 1706 atque
1645 1637 1714 1692 ita
1748 1636 1859 1708 (stt-

269 1736 425 1792 baud.
476 1735 762 1808 pollicetur
790 1732 809 1806 )
861 1749 928 1788 ex
956 1730 1262 1786 novissimis
1293 1730 1494 1800 primos
1524 1727 1856 1796 eiﬁciendos,

267 1831 388 1902 quia
419 1826 693 1882 novissimi
720 1825 1024 1880 efﬁciantur
1051 1839 1114 1878 es
1148 1821 1353 1890 primis.

336 1921 388 1976 5.
431 1919 589 1974 Pater
621 1919 867 1990 familias.
907 1915 1090 1970 Vinea.
1141 1912 1419 1968 Denarius.
1454 1911 1671 1967 Ferant.
1705 1910 1861 1968 --Si-

267 2014 382 2068 mile
402 2024 478 2067 est
500 2028 709 2084 regnum
729 2011 969 2064 caelorum
995 2005 1190 2062 homini
1211 2007 1346 2078 patri
1376 2005 1626 2077 inutilius,
1650 2005 1735 2075 qui
1757 2005 1865 2058 exi-

266 2107 332 2160 vit
354 2106 520 2176 primo
541 2119 690 2156 mane
720 2101 1001 2156 conducere
1019 2100 1303 2170 operarios,
1323 2108 1378 2152 et
1396 2098 1620 2168 reliqua.
1647 2094 1858 2167 (Matt/1.

264 2211 366 2262 xx,
398 2195 478 2265 1.)
509 2191 853 2262 Comparatio
895 2190 1072 2246 omnis
1105 2206 1200 2260 per
1233 2206 1291 2244 se
1335 2189 1577 2243 absoluta
1605 2197 1689 2242 est
1719 2205 1730 2240 :
1764 2187 1860 2242 sed

265 2290 515 2358 personis
535 2281 926 2356 distinguenda,
951 2294 1004 2339 et
1027 2279 1386 2337 discernenda
1407 2279 1735 2349 temporibus
1758 2287 1861 2333 est.

268 2377 719 2436 Patremfamilias
775 2376 961 2441 hunc,
1034 2375 1317 2429 Dominum
1383 2383 1628 2428 nostrum
1679 2370 1864 2426 Jesnm

265 2469 540 2528 Christum
569 2468 862 2526 existimari
914 2481 1136 2523 necesse
1165 2473 1248 2520 est
1275 2484 1286 2518 :
1315 2463 1406 2536 qui
1439 2465 1601 2518 totius
1644 2462 1863 2516 humani

268 2566 479 2637 generis
509 2579 691 2620 curam
744 2561 968 2626 habens,
1020 2559 1167 2614 omni
1197 2569 1440 2628 tempore
1485 2556 1768 2611 universos
1793 2554 1862 2612 ad

271 2658 530 2713 culturam
557 2655 694 2725 legis
720 2653 1009 2708 vocaverit.
1049 2649 1272 2705 Vineam
1323 2663 1473 2716 vero,
1525 2648 1656 2718 legis
1701 2647 1866 2716 ipsius

275 2764 410 2821 Opus
439 2758 491 2803 et
535 2743 925 2809 obedientiam;
978 2741 1264 2797 denarium
1309 2751 1512 2804 autem,
1544 2737 1865 2794 obedientite

273 2843 442 2913 ipsius
471 2839 744 2910 praemium
771 2834 1059 2907 signiﬁcari
1093 2832 1462 2902 intelligimus.
1497 2831 1564 2888 Et
1591 2831 1659 2886 de
1687 2831 1856 2886 dena-

274 2935 358 2989 rio
383 2933 492 3002 jam
535 2930 780 3002 superius
834 2929 910 2999 (α)
957 2927 1322 2981 tractavimus.
1373 2924 1447 2977 De
1496 2923 1652 2978 vinea
1708 2939 1867 2988 vero,

274 3026 627 3095 Opportuoius
676 3025 727 3076 in
757 3019 1214 3089 consequentibus
1261 3017 1526 3072 rationem
1552 3015 1858 3070 sileremus.

278 3119 474 3176 Forum
505 3128 681 3172 autem
713 3131 810 3184 pro
848 3114 1044 3169 saeculo
1083 3110 1255 3179 accipi
1305 3126 1390 3164 res
1433 3111 1545 3179 ipsa
1593 3108 1866 3174 admonet,

1966 538 2116 609 porci
2161 540 2423 594 adventus
2473 539 2680 593 Domini
2742 548 2951 608 tempus
2996 541 3268 605 ostendit;
3323 557 3442 594 nam
3492 557 3558 596 ex

1964 629 2108 686 omni
2137 619 2384 695 humero,
2416 629 2509 700 qui
2558 631 2730 699 spatio
2775 639 2860 686 est
2892 631 3173 700 prmsentis
3219 631 3402 685 steculi
3431 647 3559 685 con-

1965 723 2203 786 stitutus,
2237 722 2292 776 in
2314 737 2433 778 eam
2464 722 2726 778 rationem
2751 726 3004 777 convenit
3027 733 3178 777 ortus
3207 723 3325 794 ejus
3348 739 3415 778 ex
3446 725 3558 778 Ma-

1965 812 2066 878 ria,
2101 815 2152 867 in
2177 831 2335 883 quam
2368 815 2472 868 und
2487 815 2667 870 :cima:
2695 815 2840 869 Itone
2873 825 3084 884 tempus
3115 832 3180 870 ex
3206 817 3293 871 die
3320 825 3423 870 est.
3463 817 3553 871 Di-

1965 905 2173 960 visioue
2211 904 2354 961 enim
2400 921 2496 976 per
2537 907 2953 976 quingenteuum
3003 923 3281 961 numerum
3317 907 3477 974 facta,
3509 908 3563 962 in

1965 997 2109 1052 omni
2135 1010 2233 1052 sex
2263 997 2488 1052 millium
2516 1013 2780 1053 anuorum
2811 1013 3042 1064 summa,
3076 1007 3289 1067 tempus
3314 999 3562 1070 corporei

1965 1098 2114 1143 ortus
2145 1089 2262 1157 ejus
2284 1088 2366 1160 (ά)
2389 1088 2674 1145 undecimo
2695 1090 2974 1146 divisionis
3005 1090 3168 1147 totius
3199 1091 3406 1147 calculo
3429 1105 3557 1162 sup-

1969 1187 2203 1248 putatur.

2039 1271 2091 1326 7.
2132 1269 2308 1326 Judtri
2345 1271 2575 1343 gentibus
2617 1273 2845 1328 inrident
2871 1275 3113 1345 gratiam.
3153 1303 3220 1317 σ-
3252 1275 3315 1329 Ει
3345 1274 3562 1346 quidem

1965 1361 2210 1419 diversus
2250 1365 2320 1419 ad
2365 1365 2660 1421 undecima)
2707 1367 2856 1421 horae
2899 1370 3177 1438 operarios
3224 1385 3406 1424 sermo
3451 1377 3558 1424 est.

1968 1455 2160 1512 Primis
2186 1456 2352 1523 enim,
2372 1457 2464 1513 sed
2487 1467 2539 1514 et
2555 1459 2766 1514 caeteris
2796 1459 2996 1514 dictum
3021 1469 3102 1515 est
3125 1477 3138 1514 :
3173 1459 3250 1514 Ite
3267 1461 3335 1514 ad
3367 1461 3564 1514 vineam

1967 1548 2156 1621 (Ibid.,
2202 1549 2299 1620 ι);
2334 1567 2542 1607 merces
2581 1559 2762 1608 tamen
2807 1553 3015 1608 denarii
3058 1568 3178 1608 cum
3223 1554 3396 1623 primo
3438 1569 3566 1608 con-

1969 1646 2158 1700 stituta
2185 1655 2304 1710 est;
2337 1661 2458 1699 nam
2490 1647 2737 1712 cit-teris,
2784 1649 2943 1715 justo:
2991 1647 3273 1701 solutionis
3304 1647 3563 1716 promissa

1967 1752 2093 1807 spes
2149 1745 2251 1802 est,
2305 1739 2608 1794 novissimis
2665 1753 2796 1793 vero
2841 1739 3035 1793 dicitur
3070 1757 3081 1793 :
3118 1739 3256 1803 Quid
3300 1742 3383 1792 hic
3421 1739 3567 1792 statis

1899 1834 1942 1900 Β
1971 1830 2160 1903 (lbid.,
2191 1831 2288 1898 6)?
2315 1833 2436 1902 quia
2462 1832 2704 1902 quamvis
2731 1832 2796 1886 ad
2826 1831 2987 1886 Israel
3012 1834 3115 1885 lata
3140 1832 3222 1886 lex
3248 1834 3440 1896 fuerat,
3472 1848 3566 1885 vo-

1969 1923 2146 1978 luntas
2177 1933 2352 1978 tamen
2382 1924 2618 1993 gentium
2664 1937 2770 1980 non
2811 1923 3206 1977 excludebatur
3234 1939 3264 1978 a
3293 1925 3430 1992 lege.
3464 1923 3565 1991 Qui

1968 2014 2405 2083 reaponderunt:
2444 2012 2607 2068 Nemo
2633 2030 2724 2068 nos
2769 2015 3014 2068 conduxit
3067 2014 3136 2086 (υ.
3191 2015 3266 2084 7).
3320 2014 3564 2069 Debitum

1969 2120 2200 2176 namque
2228 2113 2343 2161 erat
2383 2121 2477 2172 per
2501 2108 2690 2161 orbem
2723 2115 2985 2160 terrarum
3033 2107 3383 2176 Evangeiium
3420 2123 3562 2175 pra:-

1967 2194 2158 2262 dicari,
2191 2204 2247 2251 et
2266 2207 2456 2265 gentes
2485 2196 2607 2250 ﬁdei
2635 2197 3016 2265 justilicatione
3045 2198 3261 2252 salvari.
3299 2197 3363 2252 Hi
3399 2199 3558 2269 igitur

1969 2289 2256 2344 mittuntur
2270 2289 2337 2343 ad
2359 2290 2588 2346 vineam.
2624 2289 2688 2344 Et
2713 2305 2834 2344 cum
2857 2306 2980 2345 sero
3001 2305 3123 2346 esse
3140 2291 3419 2358 cmpisset,
3449 2291 3554 2346 do-

1970 2396 2097 2438 nuin
2121 2381 2426 2436 constitutae
2451 2381 2503 2434 in
2532 2381 2695 2436 totius
2722 2381 2829 2436 diei
2870 2382 3053 2438 labore
3085 2384 3370 2448 mercedis,
3406 2385 3562 2452 primi

1970 2472 2203 2541 cperarii
2260 2470 2334 2544 (ο)
2395 2473 2540 2532 horai
2594 2473 2835 2544 vesperis
2898 2485 3300 2544 consequuntur
3340 2473 3424 2546 (υ.
3482 2474 3562 2546 8).

1972 2564 2176 2622 Herceo
2204 2566 2420 2636 quidem
2459 2579 2528 2620 ex
2575 2565 2720 2620 dono
2750 2566 2894 2620 nulla
2936 2575 3039 2632 est,
3074 2568 3198 2637 quia
3240 2567 3468 2622 debetur
3497 2583 3564 2622 ex

1969 2672 2170 2727 opere;
2221 2658 2315 2713 sed
2343 2659 2630 2728 gratuitam
2661 2657 2888 2728 gratiam
2933 2659 3072 2712 Deus
3097 2658 3346 2712 omnibus
3377 2659 3447 2730 (ι’)
3497 2674 3564 2714 ex

1971 2748 2094 2805 ﬁdei
2120 2749 2501 2818 justilieatione
2539 2749 2758 2804 donavit
2790 2767 2804 2804 τ
2837 2765 3022 2804 verum
3073 2751 3368 2806 secundum
3419 2751 3565 2806 inso-

1973 2841 2190 2898 lentiam
2213 2843 2392 2912 populi
2418 2841 2529 2912 jam
2553 2843 2652 2896 sub
2677 2842 2859 2914 Moyse
2886 2844 3241 2908 eouttttnaeis,
3268 2843 3392 2898 hinc
3419 2859 3564 2897 mur-

1972 2950 2093 2990 mur
2117 2935 2454 3004 eperautium
2499 2945 2602 3003 est,
2640 2936 2763 2990 hinc
2790 2937 3036 3006 gratuitae
3063 2937 3332 2992 mercedis
3364 2937 3560 2992 invidia

1973 3034 2077 3092 est,
2108 3025 2250 3095 quod
2277 3025 2398 3082 sine
2419 3026 2562 3095 longi
2591 3027 2792 3081 laboris
2818 3027 3158 3093 difﬁcultate,
3191 3036 3244 3082 et
3268 3029 3370 3082 sub
3400 3035 3565 3082 aestus

1976 3119 2194 3174 nomine
2221 3135 2328 3175 non
2376 3120 2534 3189 longo
2564 3120 2618 3174 in
2649 3134 2744 3175 eos
2772 3120 3020 3176 diabolici
3051 3122 3332 3176 instinctus
3376 3122 3561 3177 calore

276 3212 612 3284 motlabililer
644 3209 812 3268 turbis
856 3205 1152 3270 hominum.
1196 3203 1608 3269 calumniarum.
1644 3202 1866 3273 injuri!-
1895 3217 1942 3281 (ζ
1977 3210 2254 3279 ﬂagrante,
2286 3210 2428 3267 idem
2472 3211 2750 3280 prteminm
2800 3211 3145 3267 redhibeatur
3199 3213 3566 3282 operantibus.

277 3322 506 3376 rumque
547 3301 1019 3364 contentionibus,
1065 3306 1121 3352 et
1151 3297 1489 3352 diversorum
1528 3296 1867 3366 negotiorum

279 3399 688 3456 difﬁcultatibus
718 3411 931 3464 semper
960 3394 1366 3447 tumultuosum.

351 3493 404 3548 6.
447 3491 684 3560 Quinque
725 3495 1040 3542 testamenta.
1097 3483 1315 3552 Quando
1347 3481 1580 3537 Christus
1624 3482 1678 3536 in
1721 3496 1874 3537 carne

282 3593 432 3640 natus
451 3584 534 3637 sit.
565 3608 636 3622 ——
663 3581 720 3634 In
749 3580 916 3649 prima
953 3576 1113 3648 igitur
1162 3577 1316 3640 hora,
1349 3584 1560 3644 tempus
1591 3573 1872 3630 constituti

286 3675 594 3732 teStatnenti
619 3673 685 3728 ad
731 3673 841 3728 Noe
883 3687 950 3726 ex
997 3669 1244 3724 matutini
1289 3668 1683 3738 signiﬁcatione
1713 3668 1872 3744 167

287 3767 619 3823 noscendum
645 3775 746 3831 est,
776 3764 930 3820 tertia
953 3772 1129 3816 autem
1155 3762 1284 3816 hora
1315 3760 1380 3815 ad
1411 3745 1702 3823 Abraham,
1727 3771 1876 3813 sexta

286 3859 354 3915 ad
393 3858 634 3928 Moysen,
683 3872 818 3911 noua
867 3855 933 3908 ad
966 3853 1129 3910 David
1170 3861 1224 3907 et
1268 3851 1577 3921 pr0phetas.
1630 3850 1877 3906 Totidem

285 3952 430 4008 enim
462 3960 776 4006 testamenta
830 3948 1063 4002 humano
1091 3947 1276 4016 generi
1318 3944 1610 4001 constituta
1645 3960 1739 4014 per
1766 3945 1878 4000 sin-

285 4045 442 4117 gulos
471 4044 833 4112 reperiuntur,
883 4040 960 4113 (ὁ)
1005 4039 1282 4112 quotidem
1331 4038 1399 4092 ad
1449 4037 1627 4092 lorum
1656 4052 1881 4092 enume-

291 4179 638 4250 subsequeuti
682 4178 846 4234 verbo
885 4175 1186 4251 judicabitis
1217 4175 1357 4229 male
1399 4172 1681 4241 connecti,
1713 4172 1880 4243 liquet

285 4251 662 4325 exsulijectis.
841 4320 897 4325 __
1069 4315 1126 4325 Α
1475 4314 1486 4325 ⁸

366 4324 444 4393 (ιι)
490 4315 618 4375 luta
659 4320 918 4393 cap._17.
956 4337 1011 4393 η.
1066 4315 1148 4383 l2,
1203 4316 1288 4393 ubi
1323 4315 1555 4393 Hilarius
1600 4315 1882 4370 denarium

295 4387 496 4448 diserte
517 4391 742 4459 esponit
762 4391 1135 4459 Evangelium.
1163 4389 1338 4440 minus
1358 4387 1703 4459 clareautem
1723 4402 1885 4440 evan—

331 4465 480 4517 elica:
501 4457 872 4532 Speigloriam.
895 4457 957 4532 A't
983 4465 1031 4514 in
1061 4461 1195 4528 psal.
1213 4473 1402 4518 cxxtx,
1427 4473 1481 4509 n.
1506 4457 1562 4509 11
1579 4458 1886 4532 .denarium

331 4479 480 4517 enea:
501 4479 872 4532 Spelglorlattt.
895 4479 957 4513 At
983 4479 1031 4514 Ill
1061 4479 1195 4528 psal.
1213 4479 1402 4518 CXXIX,
1427 4479 1481 4509 n.
1506 4479 1562 4509 ιι
1579 4479 1886 4518 ,uouurtuln

293 4479 458 4602 gujus
487 4535 752 4603 parabolae
798 4531 937 4586 haud
965 4532 1194 4586 obscure
1223 4538 1376 4582 vocat
1403 4529 1707 4597 evangelicae
1752 4544 1886 4581 mer-

295 4607 436 4660 cedis
460 4622 621 4660 spem.

375 4622 656 4746 ii;'iziii§r,
687 4673 808 4746 quot
833 4675 1059 4746 eiusdem
1082 4687 1101 4725 :
1128 4668 1522 4746 relragantibus
1549 4682 1681 4746 mss.

374 4737 448 4815 (ε)
494 4737 650 4810 Bad.,
673 4737 770 4798 Er.
805 4737 862 4799 et
887 4745 1032 4815 Lips.
1061 4759 1181 4796 runt
1223 4737 1471 4815 omnibus
1505 4754 1632 4815 mss.
1667 4737 1733 4815 In
1764 4739 1894 4815 (luo-

301 4809 500 4872 decima
541 4833 561 4871 :
591 4831 908 4878 rursumque
951 4809 1179 4866 inferius
1204 4851 1218 4874 ,
1273 4813 1324 4863 in
1375 4825 1526 4875 quam
1577 4809 1889 4863 duodecima:

302 4888 445 4942 liora:
466 4904 484 4940 :
514 4897 567 4940 et
597 4893 716 4954 post
741 4900 927 4954 pauca,
960 4885 1028 4937 ad
1053 4883 1368 4954 duodecimae
1391 4879 1536 4933 liora
1578 4882 1847 4954 operarios
1873 4896 1892 4954 ς

301 4975 425 5029 qua:
456 4951 712 5012 lectiones
746 4951 840 5010 this
873 4959 1004 5029 locis
1047 4953 1338 5029 an_ali_qua
1386 4951 1705 5029 auctoritate
1751 4952 1891 5018 apud

305 5022 430 5083 Par.
463 5037 679 5082 mutate
706 5030 832 5089 sint,
862 5027 1016 5080 valde
1041 5023 1380 5094 atnbigitnus.
1419 5022 1544 5074 Hec
1573 5031 1748 5075 tamen
1779 5037 1893 5094 mtt-_

307 5100 438 5154 tatio
464 5098 770 5153 cnolirmasi
817 5107 994 5166 potest
1022 5111 1085 5149 ex
1121 5092 1275 5149 tract.
1319 5093 1430 5162 psal
1475 5107 1636 5148 ειμι
1662 5133 1675 5154 ,
1711 5094 1796 5145 ubi
1814 5092 1893 5166 ad

305 5171 551 5225 eamdem
585 5163 887 5238 parabolim
919 5169 1310 5238 respicitur.iet_
1337 5166 1388 5217 in
1416 5180 1524 5216 uno
1554 5163 1896 5238 numero”,

308 5234 600 5309 quinquies
621 5254 946 5294 immoratur
969 5234 1101 5291 hora
1131 5236 1419 5302 undecima,
1453 5250 1743 5305 numquam
1766 5234 1900 5288 duo-

308 5313 524 5366 decima.

385 5384 463 5453 (ά)
509 5383 563 5436 In
599 5381 700 5434 hoc
730 5396 835 5453 uno
869 5380 986 5434 loco
1015 5378 1141 5432 editi
1170 5394 1291 5453 cum
1321 5375 1546 5453 scriptis
1561 5375 1906 5453 consentien-

311 5445 674 5508 tes‘e'xhihcnt
699 5452 989 5512 undecimo,
1022 5465 1125 5503 non
1150 5450 1469 5501 duodecim.
1510 5445 1663 5512 Quod
1703 5446 1901 5498 conﬁr-

311 5539 463 5596 mare
489 5525 614 5578 licet
641 5520 1059 5596 hiyllieronymi
1086 5522 1136 5573 in
1157 5520 1388 5596 hlichtete
1415 5531 1536 5585 cap.
1572 5530 1648 5580 tv,
1674 5515 1898 5596 verbis}

313 5595 382 5649 In
409 5594 839 5648 consummatione
854 5590 1157 5647 seculorum
1179 5590 1418 5644 Saluator
1440 5597 1609 5640 noster
1638 5590 1904 5655 apparuit:

313 5676 362 5720 et
390 5667 442 5719 in
459 5666 725 5720 undecima
749 5663 876 5717 liora
893 5662 960 5715 ad
986 5661 1338 5715 conducendos
1363 5659 1622 5726 operarios
1644 5657 1811 5719 mit;
1831 5664 1900 5721 et,

318 5738 568 5806 completa
592 5736 734 5806 illius
757 5735 992 5806 passione
1017 5729 1452 5806 Iohannesdicit,
1478 5726 1606 5806 Filii
1627 5727 1903 5806 nouissima

320 5798 448 5861 liora
493 5817 585 5863 est.
641 5798 782 5860 Nam
837 5806 880 5860 si
934 5805 987 5858 in
1037 5817 1126 5856 sex
1175 5799 1397 5854 millibus
1453 5800 1602 5854 annis
1646 5798 1906 5868 quingenti

1978 3301 2083 3356 Sed
2111 3302 2230 3356 ideo
2259 3301 2400 3370 quod
2431 3302 2570 3371 apud
2612 3301 2861 3357 homines
2891 3304 3222 3372 impossibile
3247 3315 3354 3371 est,
3387 3305 3564 3374 possi-

1977 3394 2085 3448 bile
2129 3405 2211 3448 est
2250 3393 2389 3462 apud
2441 3395 2602 3449 Deum
2638 3413 2649 3447 :
2683 3405 2741 3449 nt
2783 3397 3088 3452 mercedem
3123 3397 3257 3467 legis
3286 3398 3489 3468 optime
3516 3406 3572 3452 et

1977 3483 2382 3553 inculpabiliter
2409 3483 2712 3553 custoditus,
2748 3483 2824 3557 (g)
2847 3484 3048 3542 donum
3080 3489 3265 3556 gratiae
3295 3505 3390 3559 per
3414 3486 3574 3544 ﬁdem

1975 3579 2320 3635 credentibus
2348 3578 2533 3647 primis
2560 3595 2624 3634 ex
2664 3581 2970 3633 novissimis
2998 3581 3274 3652 largiatur.

2051 3672 2104 3726 8.
2149 3669 2215 3722 Et
2239 3670 2551 3723 adscendens
2573 3668 2725 3723 Iesus
2752 3668 3127 3740 Jerosolymam
3146 3671 3420 3743 assumpsit
3449 3670 3578 3725 άαο-

1981 3763 2143 3816 decim
2171 3762 2466 3832 discipulos,
2502 3769 2547 3814 et
2577 3762 2648 3814 ait
2677 3761 2778 3814 illis
2809 3759 2894 3832 (Ιι)
2927 3759 3102 3816 :Ecce
3127 3762 3447 3820 ascendimus
3489 3761 3582 3816 Je-

1981 3854 2328 3924 rosolymam,
2384 3862 2440 3910 et
2484 3853 2691 3922 reliqua
2741 3853 2931 3925 (llud,
2968 3855 3033 3908 l7
3080 3864 3129 3908 st
3160 3854 3270 3924 18).
3299 3854 3418 3909 1am
3461 3856 3581 3910 sine

1982 3945 2238 4000 seandalo
2263 3943 2530 3998 andituris
2556 3943 2816 4012 apostolis
2837 3955 3236 3999 sacramentum
3273 3946 3449 4001 crucis
3478 3946 3582 3998 Du-

1983 4041 2162 4094 minus
2191 4037 2412 4109 exponit
2453 4037 2707 4109 (denique
2727 4039 2874 4093 nulla
2906 4039 3047 4095 hunc
3075 4055 3381 4097 sermonem
3417 4056 3585 4098 meas—

1986 4176 2109 4231 anm'
2156 4190 2244 4246 per
2297 4171 2455 4227 horas
2495 4173 2596 4228 diei
2640 4175 2868 4245 singulas
2916 4176 3262 4244 dividantur;
3310 4180 3584 4236 novissima

1989 4247 2116 4322 liora
2135 4252 2601 4322 conseqitenterhest
2639 4254 2834 4322 tempus
2869 4247 3005 4322 ﬁdei
3051 4250 3293 4321 gentium.
3330 4251 3408 4306 Ex
3458 4254 3581 4322 qui-

1991 4318 2093 4372 bus
2143 4312 2446 4380 conliéitur,
2478 4312 2674 4372 Christi
2727 4312 2904 4374 ortum
2960 4312 3104 4376 circa
3148 4336 3352 4378 amtnm
3400 4312 3584 4378 mundi

1993 4388 2155 4445 5500.
2201 4387 2518 4456 Contigisse.
2580 4387 2685 4446 Sed
2739 4389 2849 4458 jam
2877 4393 3203 4451 monuimus.
3237 4409 3341 4447 nou
3371 4397 3437 4446 ad
3496 4396 3583 4449 lit-

1996 4469 2183 4533 teram‘
2214 4458 2568 4533 exigendum,
2622 4461 2763 4533 quod
2795 4463 2862 4516 de
2892 4463 3074 4533 mutuli
3122 4463 3278 4526 huius
3308 4465 3504 4533 spatio,
3533 4472 3588 4519 et

1998 4529 2222 4600 perinde
2247 4527 2390 4600 quod
2419 4527 2691 4600 degann'is
2735 4540 2887 4586 ortus
2931 4532 3132 4588 Chriin
3182 4535 3266 4588 llic
3313 4527 3586 4589 scribitur.

1918 4591 1973 4651 Ι)
1999 4591 2132 4668 Quia
2160 4591 2319 4669 porro
2351 4598 2586 4654 Hilarius
2613 4600 2943 4671 Scriptorum
2974 4603 3308 4671 spiritalibus
3336 4605 3588 4660 sensibus

1997 4671 2155 4726 fetam
2185 4671 2462 4744 credebat,
2508 4685 2618 4744 non
2647 4674 2698 4726 in
2728 4689 2794 4728 eo
2824 4689 2944 4744 uno
2974 4674 3164 4739 Iticret,
3217 4674 3313 4729 sed
3363 4675 3416 4728 in
3452 4677 3589 4744 psal.

1996 4758 2286 4815 cxxtx,u.
2320 4741 2380 4798 ll
2411 4780 2427 4805 ,
2474 4741 2772 4798 undecimae
2822 4743 2968 4802 hora:
3013 4745 3293 4813 cperarios
3339 4741 3591 4815 intelligit

1996 4828 2110 4894 eos,
2144 4811 2317 4895 quiin
2346 4820 2587 4868 extrema
2614 4823 2891 4870 senectute
2918 4811 3146 4872 Salutem
3188 4830 3341 4871 suam
3380 4811 3593 4886 operari

1996 4893 2281 4952 lnCtpiuttt.

2069 4955 2145 5024 (ε)
2184 4953 2239 5009 lo
2267 4955 2517 5027 vulgatis,
2549 4953 2698 5010 liora.
2734 4955 2953 5012 Rectius
2981 4958 3033 5012 in
3067 4972 3198 5014 mss.
3231 4955 3374 5012 hora
3399 4975 3418 5012 :
3448 4959 3589 5025 quod

2000 5033 2168 5080 totum
2199 5027 2269 5080 ita
2302 5025 2729 5097 intelligendum,
2761 5037 2819 5086 ut
2841 5027 3079 5096 operarii
3120 5029 3266 5083 horae
3290 5029 3590 5088 undecima:

2004 5099 2305 5178 ntere-edem
2334 5098 2418 5160 iis,
2442 5102 2528 5168 qui
2555 5106 2722 5156 totam
2742 5099 2882 5154 diem
2904 5100 3262 5166 laborassem,
3285 5100 3592 5158 condictam

2005 5181 2160 5235 pruni
2184 5181 2604 5237 Consequantur.

2075 5257 2156 5338 (f)
2199 5258 2322 5313 Mss.
2356 5260 2539 5329 Rom,
2582 5258 2765 5330 Colb.,
2798 5261 2995 5328 Vatic.,
3024 5261 3218 5330 Carm,
3250 5264 3374 5329 ﬁdei
3400 5265 3596 5336 iustifi-

2004 5341 2170 5382 canon
2174 5345 2251 5382 ent
2260 5369 2272 5381 .

2081 5420 2156 5493 (ρ)
2176 5422 2252 5497 Δ1η
2281 5423 2476 5497 iisdem
2505 5439 2633 5497 mss.
2663 5427 2799 5478 dono
2824 5430 3005 5497 gratia:
3029 5443 3048 5481 :
3077 5443 3182 5484 non
3215 5429 3374 5495 male,
3401 5431 3448 5488 si
3481 5447 3600 5487 rer-

2008 5492 2134 5570 bum
2167 5493 2421 5566 largiatur
2469 5494 2533 5549 ad
2570 5495 2735 5570 Deum
2769 5492 3038 5570 reiuleris.
3074 5499 3248 5556 Minus
3277 5492 3414 5558 bene
3457 5501 3599 5570 apud
3645 5544 3650 5556 ,

2009 5562 2133 5646 Par:
2181 5562 2374 5619 ex‘ms.
2427 5581 2567 5621 nunc
2597 5566 2750 5626 Colb.
2804 5567 3089 5639 subjicitur
3133 5573 3318 5641 primis
3361 5562 3607 5636 sinapis-

2008 5649 2170 5690 δυηω.

2083 5724 2162 5797 (li)
2338 5743 2485 5808 mss.
2537 5727 2625 5785 hic
2671 5728 2930 5801 adiiciunt
2980 5744 3174 5790 secreto
3198 5775 3215 5801 ,
3268 5752 3427 5794 sacro
3457 5747 3603 5795 textu

2013 5805 2405 5856 consentiente.
