4222 6262
603 264 608 270 ί
701 313 834 371 1051

1836 316 1846 368 ‘.
1891 310 2137 370 SANCTI
2175 313 2431 371 HILARII
2469 311 2781 372 EPISCOPI

3859 313 4031 372 1032

701 424 816 480 titia
842 421 1243 494 consequitur):
1274 423 1608 478 conﬁrmatis
1638 424 1844 480 scilicet.
1871 426 2151 495 superiore
2176 441 2293 482 ser-
2319 437 2374 496 Α
2468 427 2556 482 10.
2583 427 2685 495 Qui
2708 426 3093 495 destinattsint,
3124 435 3180 482 ut
3201 427 3403 484 Christo
3446 426 3503 481 in
3538 444 3695 500 regno
3732 431 4025 485 assidam.

700 532 881 580 mone,
915 530 1010 584 per
1040 514 1198 570 [idem
1229 517 1404 570 crucis
1430 515 1751 571 novissimos
1802 518 2003 586 primos
2057 518 2291 585 futuros;

702 605 956 660 divitibus
985 613 1163 660 autem
1187 646 1201 672 ,
1233 605 1284 660 id
1308 607 1472 679 768
1496 615 1598 673 est,
1631 607 2029 665 conlidentibus
2059 609 2136 682 (a)
2168 611 2298 681 legis

705 699 760 754 in
783 699 1026 754 eamdem
1067 715 1285 756 crucem
1312 700 1798 758 scandalizantibus
1816 743 1831 771 ,
1858 703 2057 758 invium
2087 703 2189 760 iter
2214 719 2300 760 re-

702 789 792 858 gni
833 790 1090 845 caelorum
1117 789 1374 846 futurum.
1563 846 1566 850 .

776 882 830 938 9.
858 882 1086 939 Zebedwi
1115 885 1344 955 ﬁliorum
1369 895 1554 954 mater,
1575 887 1658 942 lea:
1673 903 1693 953 ;
1714 887 1812 958 ﬁlii
1841 891 1973 960 ejus,
1993 887 2170 944 Judazi
2192 905 2302 944 cre-

708 974 984 1030 dentes.—
1005 974 1148 1030 Tunc
1175 977 1388 1032 accessit
1410 978 1478 1031 ad
1507 988 1794 1032 eummater
1815 979 2042 1048 ﬁliorum
2071 980 2302 1043 Zebedazi

709 1082 825 1119 cum
852 1066 974 1136 ﬁliis
993 1067 1126 1134 suis,
1153 1077 1209 1123 et
1236 1068 1442 1138 reliqua
1482 1067 1656 1141 (Ibid.
1684 1068 1808 1140 20).
1843 1068 1958 1124 Νοη
1985 1071 2101 1126 sine
2122 1071 2303 1142 aliquo

711 1168 992 1215 momento
1018 1175 1198 1215 rerum
1251 1161 1322 1215 ita
1377 1159 1629 1216 ell‘ectum
1680 1162 1846 1217 luisse
1888 1162 2305 1218 existimandum

711 1260 792 1306 est
817 1291 829 1317 ,
857 1262 918 1307 ut
946 1261 1116 1308 mater
1142 1251 1376 1316 ﬁliorum
1408 1253 1655 1310 Zebedaai
1708 1255 1991 1311 Dominum
2046 1256 2305 1326 depreca-

715 1352 885 1400 retur.
915 1344 1183 1416 Numquid
1206 1355 1259 1401 et
1286 1344 1412 1399 ﬁliis
1442 1346 1658 1416 petendi
1676 1346 2006 1403 familiaritas
2028 1362 2136 1402 non
2152 1347 2307 1403 erat?

717 1436 823 1492 Sed
861 1447 980 1492 erat
1021 1448 1295 1508 gestorum
1337 1436 1618 1495 ell‘ectibus
1658 1441 2107 1511 pr0phetandum.
2160 1442 2307 1512 Apo-

717 1527 843 1584 stoli
870 1528 1086 1598 quidem
1109 1530 1223 1598 jam
1245 1544 1312 1584 ex
1339 1531 1455 1600 lege
1482 1531 1857 1598 crediderant,
1890 1547 2010 1603 quae
2038 1548 2133 1589 eos
2163 1533 2217 1588 in
2246 1533 2310 1587 li-

719 1620 842 1678 dem
865 1621 1228 1692 evangelicam
1256 1621 1576 1678 nutriverat.
1608 1624 1793 1694 Itaque
1849 1625 1901 1678 in
1942 1635 2115 1680 matre
2167 1625 2307 1681 lilio-

719 1730 839 1791 rum
862 1714 1108 1771 Zebedazi
1137 1716 1224 1770 lex
1250 1715 1562 1787 intelligitur
1615 1733 1736 1788 quia
1758 1718 2085 1774 confidentia
2139 1718 2311 1788 privi-

2400 519 2467 573 Et
2488 518 2704 588 quidem
2726 559 2741 585 ,
2774 526 3031 590 quantum
3056 520 3399 585 arbitramur,
3429 519 3504 574 ita
3531 519 3711 575 honor
3739 519 3850 576 iste
3876 523 4021 577 aliis

2400 621 2486 667 est
2505 621 2840 678 reservatus,
2867 613 3009 683 quod
3029 620 3208 668 tamen
3231 627 3331 668 nec
3359 613 3593 684 apostoli
3627 613 3698 669 ab
3726 628 3795 668 eo
3834 625 4029 670 erunt

2401 703 2564 757 alieni
2591 721 2605 758 :
2634 693 2707 775 (ὁ)
2730 705 2820 774 qui
2849 705 2901 758 in
2929 705 3212 760 duodecim
3245 703 3670 775 patriarcharum
3700 706 3835 762 sede
3863 723 4019 762 con-

2402 794 2960 859 sidentes,lsraelem
3002 795 3343 864 judicabunt.
3377 794 3447 851 Et
3472 804 3735 866 quantum
3791 799 4026 853 sentire

2402 901 2472 941 ex
2499 887 2632 956 ipsis
2652 887 2958 957 Evangeliis
2982 886 3140 952 licet,
3195 887 3246 941 in
3276 902 3444 957 regno
3472 887 3734 943 ccclorum
3784 887 4023 959 Moyses

2403 986 2459 1033 et
2491 979 2635 1034 Elias
2659 979 2995 1034 assidcbunt.
3019 978 3152 1034 Nam
3169 994 3290 1034 cum
3312 979 3694 1049 spopondisset
3713 980 4021 1047 Dominus,

2409 1073 2622 1126 visuros
2669 1071 2930 1143 quosdam
2972 1072 3040 1127 de
3104 1070 3394 1142 apostolis,
3438 1080 3725 1142 antequam
3768 1081 4024 1127 mortem

2405 1171 2716 1234 gustarent,
2747 1163 2914 1218 tilium
2949 1163 3180 1218 hominis
3207 1163 3513 1217 venientem
3561 1162 3615 1217 in
3660 1176 3837 1232 regno
3873 1177 4019 1227 suo;

2407 1254 2701 1325 assumptis
2721 1254 2884 1310 Petro
2902 1264 2956 1309 et
2976 1252 3179 1308 Jacobo
3199 1261 3255 1307 et
3282 1251 3549 1319 Johanne,
3576 1255 3830 1322 apparuit
3846 1253 4028 1324 769

2407 1363 2530 1403 cum
2561 1348 2750 1418 gloria:
2797 1364 2910 1402 suae
2943 1347 3160 1414 habitu,
3212 1347 3396 1417 Moyse
3433 1356 3488 1402 et
3533 1346 3648 1400 Elia
3705 1347 3761 1402 in
3822 1359 4028 1403 monte

2409 1439 2792 1494 comitantibus
2822 1437 3036 1510 (Matth.
3062 1454 3148 1492 xw
3167 1479 3182 1504 ,
3205 1438 3322 1509 ‘28).
3377 1437 3446 1492 Et
3490 1438 3588 1492 hos
3640 1437 3870 1508 quidem
3898 1455 4028 1496 eos-

2411 1532 2534 1586 dem
2590 1532 2882 1601 prophetas
2933 1530 3068 1586 duos
3117 1528 3510 1599 praevenientes
3548 1529 3848 1585 adventum
3901 1531 4026 1601 ejus

2412 1637 2533 1678 esse
2574 1621 2945 1692 intelligimus,
2974 1637 3109 1693 quos
3137 1620 3490 1693 Apocalypsis
3511 1620 3774 1679 Johannis
3825 1623 3938 1694 (si,
3968 1624 4025 1694 7)

2413 1714 2482 1769 ab
2534 1714 2851 1770 antichristo
2899 1715 3243 1785 perimendos
3291 1731 3413 1771 esse
3454 1716 3585 1770 dicit
3619 1733 3633 1770 :
3666 1716 3795 1772 licet
3849 1719 4025 1772 varia:

721 1805 849 1876 legii
869 1807 949 1861 sui
972 1821 1070 1876 pro
1095 1807 1444 1863 credentibus
1493 1824 1560 1863 ex
1603 1823 1664 1865 se
1705 1810 1916 1880 p0pulis
1967 1809 2305 1881 deprecatur.
2340 1809 2498 1885 Bvel
2523 1807 2591 1863 de
2613 1808 2832 1873 Enoch,
2876 1809 2962 1863 vel
3013 1809 3081 1865 de
3108 1808 3377 1880 Heremia,
3434 1809 3790 1879 plurimorum
3840 1812 4026 1865 exsti-

722 1897 853 1965 Quze
882 1900 1007 1970 quia
1038 1900 1286 1969 superius
1317 1899 1563 1956 audierat
1591 1902 1799 1972 primos
1843 1903 2204 1972 novissimos,
2255 1914 2314 1960 et

725 1992 1051 2048 novissimos
1078 1994 1280 2063 primos
1303 1993 1548 2059 futuros;
1597 1994 1796 2051 deferri
1827 1996 1952 2051 ﬁliis
1999 1998 2112 2053 suis
2165 2006 2314 2064 orat,

726 2096 785 2142 ut
809 2087 860 2141 in
888 2087 1098 2142 Domini
1124 2102 1288 2157 regno
1310 2103 1447 2142 unus
1474 2087 1540 2142 ad
1587 2089 1861 2144 dexteram
1910 2090 2027 2159 ejus”
2081 2089 2268 2146 sedeat
2297 2131 2314 2158 ,

724 2182 864 2237 alius
892 2180 960 2235 ad
988 2180 1270 2235 sinistram
1300 2178 1492 2252 (Ibid.,
1521 2179 1639 2252 21).
1672 2182 1770 2238 Cui
1801 2183 2061 2237 Dominus
2089 2197 2319 2252 respon-

724 2273 840 2339 dit,
859 2273 1069 2328 nescire
1098 2272 1368 2342 eam'quid
1390 2280 1510 2328 oret
1536 2272 1723 2345 (Ibid.,
1753 2272 1868 2345 22).
1911 2273 2056 2329 Nihil
2101 2274 2318 2345 quidem

727 2363 798 2420 de
824 2364 996 2435 gloria
1022 2364 1392 2434 apostolorum
1439 2365 1834 2437 ambigebatur,
1887 2375 1942 2422 ct
1985 2366 2320 2437 judicaturos

729 2471 825 2512 eos
863 2471 1044 2512 sermo
1070 2455 1318 2526 superior
1339 2459 1609 2527 exposuit.
1639 2458 1880 2528 Denique
1921 2459 1975 2513 in
2001 2459 2182 2514 medio
2206 2473 2322 2515 ser-

729 2563 893 2604 mone
917 2563 985 2603 an
1011 2547 1233 2602 calicem
1289 2561 1445 2604 suum
1493 2557 1714 2618 possent
1761 2549 1951 2605 bibere
2001 2550 2318 2622 interrogat.

729 2639 848 2697 Non
876 2643 1060 2713 utique
1084 2643 1154 2700 de
1177 2640 1480 2699 communis
1511 2641 1691 2711 poculi
1741 2656 1938 2712 genere
1965 2642 2317 2712 loquebatur;

730 2751 906 2807 neque
935 2736 1078 2793 enim
1099 2737 1252 2792 labor
1272 2744 1356 2792 est
1378 2735 1564 2791 bibere
1609 2733 1678 2790 de
1705 2734 1875 2790 calice
1911 2751 1924 2788 :
1955 2734 2050 2790 sed
2109 2734 2202 2790 ille
2253 2735 2323 2791 de

731 2829 903 2886 calice
924 2829 1248 2884 sacramenti
1270 2825 1537 2898 passionis
1585 2827 1901 2897 interrogat.
1959 2826 2030 2882 At
2081 2826 2194 2893 illi,
2231 2826 2324 2898 qui

722 2921 835 2991 jam
867 2921 1109 2993 martyrii
1133 2921 1440 2977 libertatem
1461 2919 1931 2989 constantiamque
1975 2919 2319 2989 retinebant,

729 3017 996 3074 bibituros
1022 3033 1082 3074 se
1105 3018 1448 3088 pollicentur.
1473 3017 1734 3073 Dominus
1777 3005 2096 3074 collaudans
2135 3030 2323 3072 eorum

733 3109 895 3166 tidem
925 3110 1031 3178 ait,
1055 3110 1315 3182 martyrio
1340 3109 1555 3180 quidem
1582 3124 1677 3166 eos
1704 3123 1886 3164 secum
1909 3112 2144 3180 compati
2195 3121 2324 3178 pos-

2422 1900 3100 1970 terintOpiniones,~quod
3129 1902 3361 1957 alterum
3393 1915 3583 1956 eorum
3637 1901 3770 1955 sicut
3823 1900 4026 1956 Ellam

2418 1994 2560 2049 mori
2583 2003 2850 2065 oporteat.
2877 1994 2981 2052 Sed
3011 2010 3119 2049 non
3174 2009 3464 2065 possumus
3520 1994 3753 2049 veritatis
3805 1993 4026 2061 ﬁdem,

2419 2101 2578 2155 quam
2608 2087 2866 2141 Dominus
2893 2086 3064 2143 tribus
3085 2085 3454 2156 superioribus
3481 2086 3703 2141 testibus
3725 2087 4024 2153 revelavit,

2420 2194 2613 2234 sensus
2641 2181 2811 2236 nostri
2863 2181 3120 2251 opinione
3171 2194 3523 2249 corrumpere
3569 2196 3582 2231 :
3642 2195 3825 2250 neque
3879 2181 4022 2234 alios

2423 2281 2681 2329 venturos
2703 2272 3054 2338 existimare,
3088 2289 3247 2342 quam
3277 2273 3368 2343 qui
3395 2271 3464 2326 ad
3493 2273 3849 2341 sponsionem
3904 2272 4027 2329 ﬁdei

2423 2364 2636 2420 venisse
2665 2365 2940 2435 conspecti
2971 2374 3116 2418 sunt.
3141 2363 3211 2418 Et
3234 2377 3557 2434 quamquam
3609 2363 3752 2417 ultra
3794 2378 4028 2434 evange-

2421 2458 2581 2513 licam
2603 2457 2882 2513 veritatem
2911 2473 3017 2511 non
3061 2471 3287 2512 necesse
3316 2456 3389 2511 sit
3413 2455 3626 2525 Opinari
3677 2471 3692 2507 :
3747 2467 3939 2512 tamen
3984 2457 4026 2512 si

2422 2552 2542 2621 quis
2569 2551 2938 2606 conditionem
2966 2559 3022 2606 et
3045 2550 3237 2605 mortis
3264 2548 3344 2622 (d)
3373 2558 3428 2604 et
3452 2549 3746 2619 sepulturae
3769 2559 3831 2604 et
3854 2551 4028 2620 sepul-

2423 2641 2503 2696 cri
2529 2641 2697 2712 Moysi
2725 2641 3016 2713 diligenter
3039 2640 3372 2707 adverterit,
3399 2649 3453 2695 et
3477 2647 3816 2695 secretarum
3845 2640 4029 2711 Scrip—

2427 2735 3022 2802 turarum,secundum
3073 2733 3321 2804 Apostoli
3361 2733 3776 2801 auctoritatem,
3837 2733 4028 2804 cogni-

2426 2827 2626 2882 tionem
2658 2827 2886 2897 adeptus
2912 2829 2981 2882 sit
3008 2842 3023 2892 ;
3052 2825 3324 2897 intelliget
3351 2826 3530 2880 omnia
3557 2824 3632 2879 ita
3661 2840 3787 2880 esse
3824 2835 4024 2880 tracta-

2426 2925 2480 2971 ta
2507 2959 2522 2985 ,
2547 2917 2837 2989 utMoyses
2865 2919 3102 2989 poluerit
3143 2919 3255 2988 jam
3295 2915 3491 2972 videri.
3544 2916 3615 2972 Et
3650 2917 3769 2972 haec
3803 2918 4026 2988 quidem

2428 3011 2731 3066 instruendi
2751 3026 2911 3067 causa
2938 3013 3052 3068 sint
3070 3012 3234 3067 dicta.

2501 3105 2590 3160 ll.
2625 3103 2926 3160 Vocationes
2953 3106 3070 3159 dum
3093 3122 3155 3160 ea:
3179 3105 3382 3159 ludatis
3402 3122 3422 3172 ;
3456 3105 3536 3160 his
3584 3105 3805 3176 apostoli
3851 3113 4026 3174 aptant

731 3212 791 3254 se
815 3215 830 3265 ;
863 3199 959 3256 sed
987 3199 1062 3274 (ὁ)
1095 3201 1248 3256 laevae
1276 3200 1394 3271 ejus
1424 3215 1488 3255 ac
1516 3199 1755 3256 dexterae
1797 3199 2038 3256 assidere
2061 3239 2077 3268 ,
2120 3198 2241 3254 aliis
2295 3211 2326 3250 a
2351 3209 2397 3273 ο
2428 3197 2607 3268 gloria:
2627 3214 2734 3252 sua:
2759 3197 3189 3264 causai-tium.,—
3209 3195 3479 3252 Caterum
3507 3205 3566 3252 ut
3592 3196 3733 3252 ratio
3761 3195 4021 3266 spiritalis

733 3291 846 3346 Deo
874 3301 1028 3362 patre
1059 3292 1225 3349 fuisse
1245 3292 1565 3363 dispositum
1590 3291 1779 3365 (Ibid.,
1811 3292 1926 3363 25).

736 3426 777 3500 '_
807 3425 884 3498 (a)
911 3425 1038 3500 S_ol_a
1079 3426 1246 3500 editio
1295 3428 1419 3482 Par.
1475 3429 1594 3498 legi.
1638 3429 1860 3498 Aliquot
1905 3444 2037 3484 mss.
2089 3430 2144 3482 in
2187 3430 2317 3500 lege.

735 3495 872 3552 Tum
916 3496 1068 3551 Coll).
1099 3508 1153 3550 et
1182 3498 1340 3552 Carn.
1396 3495 2039 3552 esse'scandalizantibus.
2081 3501 2160 3554 Ex
2215 3495 2322 3553 esse

734 3568 855 3638 quis
875 3566 1268 3622 conﬁciendum
1299 3576 1513 3634 putaret
1535 3584 1644 3622 sese
1667 3610 1682 3634 ,
1708 3569 1808 3622 nisi
1831 3570 2052 3622 verbum
2101 3569 2322 3623 scanda-

735 3639 1007 3692 lisantibus
1025 3679 1038 3698 .
1072 3647 1127 3692 et
1152 3638 1198 3692 si
1227 3639 1399 3693 aetive
1425 3652 1624 3694 sonans
1645 3680 1662 3704 ,
1691 3640 1904 3708 passive
1934 3647 2112 3694 tamen
2140 3641 2209 3694 ab
2232 3638 2325 3694 Hi-

733 3709 870 3764 lario
896 3708 1228 3765 intellectum
1253 3719 1526 3764 constaret
1571 3710 1658 3764 vel
1700 3725 1766 3764 ex
1821 3710 1922 3764 hoc
1970 3711 2160 3778 capitis
2213 3710 2322 3775 50,

736 3797 793 3835 n.
824 3781 859 3834 '5
886 3795 900 3832 :
927 3779 1115 3851 Petrus
1146 3795 1237 3848 pro
1269 3780 1392 3851 ﬁdei
1438 3796 1546 3834 sum
1584 3781 1754 3834 calore
1788 3781 2051 3851 respondit
2072 3825 2085 3845 ,
2129 3781 2326 3836 cwteris

738 3851 854 3905 licet
879 3849 1384 3917 scandalizantibus,
1414 3867 1695 3921 numquam
1742 3867 1796 3905 se
1836 3849 2323 3906 scandalizaturum.

738 3922 1006 3979 Solemnis
1025 3933 1202 3977 autem
1231 3921 1283 3976 ei
1303 3931 1385 3977 est
1411 3921 1550 3977 idem
1577 3922 1734 3992 hujus
1760 3923 1909 3978 verbi
1940 3937 2087 3978 usus.

920 4018 1044 4073 Par.
1069 4032 1191 4073 cum
1225 4017 1395 4073 tribus
1419 4032 1574 4084 mss.,
1605 4025 1660 4070 ut
1697 4018 1836 4072 lwvw
1863 4017 1977 4089 ejus
2003 4033 2064 4071 ac
2107 4016 2331 4072 dextera:

810 4106 848 4143 si
888 4098 1047 4143 arent.

744 4098 1047 4143 assiderent.

809 4181 968 4263 (c)_ln
991 4181 1330 4263 mss...Rom.,
1361 4180 1514 4236 Colb.
1543 4190 1599 4237 et
1616 4180 1748 4263 _Qar.
1781 4181 1905 4251 quin
1928 4179 2194 4235 duodecim
2224 4194 2242 4232 :
2267 4193 2330 4234 ac

739 4252 936 4307 deinde
962 4253 1226 4306 consident
1248 4263 1295 4305 et
1320 4293 1334 4317 ,
1366 4269 1462 4321 pro
1485 4253 1822 4306 considentes.

815 4322 894 4392 (d)
927 4321 1254 4377 Vocabulum
1278 4320 1558 4392 sepultura:
1579 4322 1667 4377 hic
1685 4324 1980 4391 adiecimus
2006 4320 2324 4377 auctoritate

740 4402 968 4464 quatuor
992 4407 1129 4464 mss.
1147 4393 1407 4464 Dubitant
1436 4393 1676 4449 nonnulli
1702 4403 1917 4464 propter
1937 4394 2101 4464 hunc
2144 4393 2323 4464 locum

741 4461 809 4517 an
859 4463 1089 4535 llilarius
1116 4462 1332 4535 Moysen
1366 4479 1490 4518 vere
1521 4477 1790 4518 mortuum
1804 4461 2324 4535 'credideritLlndu-

741 4534 973 4589 bitanter
997 4533 1267 4590 Scultetus
1285 4533 1425 4588 inter
1450 4535 1592 4589 illius
1637 4549 1819 4590 nicvos
1870 4535 2025 4604 ponit
2060 4553 2072 4588 :
2105 4533 2323 4604 Moysen

738 4614 997 4677 mortuum
1025 4614 1181 4677 negat
1202 4615 1380 4659 contra
1406 4606 1664 4677 ipsissima
1692 4603 1977 4677 Scriptura:
2029 4605 2196 4677 verba.
2222 4603 2324 4658 Le-

741 4675 1011 4745 gislatoris
1033 4675 1274 4745 ejusdem
1315 4675 1544 4732 mortem
1578 4675 1954 4732 disertioi-ibus
1998 4675 2196 4745 verbis
2228 4689 2324 4728 nc-

777 4761 897 4801 asse
924 4744 1134 4802 videtur
1164 4746 1502 4814 Ambrosius,
1543 4747 1640 4802 lib.
1689 4763 1704 4802 ι
1735 4746 1804 4802 de
1830 4747 1964 4801 Cain
1984 4754 2040 4800 et
2070 4744 2224 4807 Abel,
2269 4759 2321 4798 c.

783 4858 796 4882 ,
820 4832 866 4890 An
891 4817 991 4890 .VS.
1020 4817 1110 4871 ubi
1138 4817 1213 4871 ait
1241 4836 1255 4871 :
1284 4816 1403 4871 Non
1428 4819 1642 4890 legimus
1670 4819 1733 4872 de
1758 4834 1836 4882 eo,
1885 4818 2013 4890 sicut
2035 4817 2097 4890 d_e
2129 4816 2325 4890 steteris

741 4888 861 4956 quia
886 4889 1127 4955 deﬁciens
1140 4896 1379 4958 mortuus
1407 4887 1514 4951 est',
1537 4893 1624 4943 sed
1641 4931 1656 4954 ,
1682 4905 1770 4958 per
1796 4887 2004 4943 verbum
2041 4887 2138 4940 Dei
2188 4903 2325 4958 mor-

742 4967 862 5011 tuus
891 4967 1054 5013 est....
1107 4957 1255 5014 Unde
1281 4968 1327 5013 et
1354 4959 1552 5013 addidit
1581 4956 1870 5030 Scriptura,
1916 4959 2037 5028 quia
2058 4972 2202 5030 nemo
2231 4956 2326 5030 scit

740 5029 1057 5098 sepulturam
1072 5031 1182 5100 ejus
1201 5045 1357 5100 usque
1375 5032 1428 5083 in
1455 5027 1755 5084 hodiernum
1773 5030 1928 5095 diem,
1947 5039 2001 5082 ut
2028 5027 2323 5100 trauslatio-

745 5096 860 5171 rtem
886 5102 1046 5171 magis
1065 5144 1079 5168 ,
1092 5096 1104 5100 ⁷
1118 5096 1548 5168 ᾳιιαηίὶηιετίιαηι
1568 5101 1680 5170 ejus
1705 5100 2053 5170 intelligas....
2085 5096 2321 5151 Mortuus

743 5170 900 5240 igitur
926 5170 998 5226 est
1022 5188 1110 5240 per
1127 5172 1332 5224 verbum
1355 5171 1478 5237 Dei,
1510 5179 1564 5224 ut
1586 5173 1655 5223 ait
1675 5171 1947 5240 Scriptura
1965 5213 1979 5236 ,
2011 5187 2111 5224 non
2142 5185 2321 5222 secunt-

746 5241 868 5294 dum
888 5244 1186 5297 uerbum...
1214 5240 1340 5308 Quis
1365 5241 1499 5295 enim
1519 5243 1572 5295 in
1592 5243 1812 5313 terrenis,
1829 5241 2069 5310 reliquias
2086 5243 2198 5313 eju_s
2229 5254 2320 5309 po-

744 5313 842 5365 tuit
859 5313 1264 5383 deprehendere.
1286 5328 1433 5383 quem
1453 5328 1623 5366 secum
1651 5329 1757 5368 esse
1785 5312 1878 5368 Dei
1899 5309 2036 5382 ﬁlius
2065 5309 2119 5383 iii
2145 5309 2320 5383 Evan-

746 5383 880 5454 gelia
900 5380 1259 5438 demonstravit
1277 5380 1306 5436 ?'
1323 5382 1422 5439 Ubi
1449 5384 1502 5438 in
1525 5383 1814 5438 novissima
1840 5380 2106 5454 Ambrosii
2127 5380 2319 5436 editio-

749 5453 818 5509 ne
847 5456 1278 5510 animadversum
1301 5465 1412 5518 est,
1437 5455 1586 5509 illum
1612 5455 1850 5510 Philonis
1878 5453 2195 5509 sententiam
2226 5467 2321 5506 ex-

750 5526 988 5597 p_rimere
1013 5527 1248 5581 voluisse
1274 5567 1290 5591 ,
1311 5541 1469 5596 quem
1491 5525 1561 5597 de
1577 5524 1758 5597 Moysi
1802 5535 1976 5597 morte
2026 5537 2193 5597 sensu
2217 5523 2327 5591 spi-

749 5593 891 5651 ritali
908 5596 1225 5652 disseruisse
1240 5593 1472 5659 constat,
1491 5593 1790 5664 dellittérali
1811 5596 1988 5651 minus
2009 5593 2322 5664 sollicitum.

751 5665 1166 5749 Lougefacilius
1193 5683 1241 5749 a_
1254 5667 1505 5749 praedicta
1538 5662 1790 5749 opinione
1811 5674 2066 5749 purgatur
2093 5662 2325 5749 Hilarius

739 5751 803 5793 cs
827 5736 982 5792 dictis
1007 5739 1198 5808 capitis
1221 5739 1309 5806 l7,
1333 5753 1387 5793 n.
1417 5738 1474 5804 2,
1500 5736 1592 5794 ubi
1619 5752 1741 5794 cum
1765 5736 2050 5808 quaesisset
2070 5777 2084 5803 ,
2111 5748 2209 5791 cur
2254 5748 2320 5790 ex

2435 3291 2806 3362 intelligentiae
2835 3291 2990 3361 plena
3021 3300 3203 3358 esset,
3236 3305 3332 3360 pro
3357 3289 3568 3345 duobus
3592 3289 3886 3345 Dominum
3918 3301 4024 3343 ma-

2421 3429 2675 3501 omnibus
2706 3431 2905 3486 sanctis
2933 3429 3040 3486 soli
3071 3430 3281 3501 Moyses
3325 3439 3380 3484 et
3419 3427 3568 3483 Elias
3621 3443 3745 3482 cum
3801 3427 4018 3501 Christo

2424 3500 2804 3570 traiisligurato
2829 3497 3183 3567 atlstiternnt',
3239 3501 3530 3568 respondet
3578 3501 3754 3570 primo
3800 3497 3898 3552 hoc
3947 3499 4018 3552 ita

2426 3569 2701 3625 factum'ut
2726 3572 2947 3627 doceret
2970 3570 3218 3628 Christus
3250 3571 3410 3640 legis,
3440 3573 3596 3638 cujus
3649 3569 3861 3640 Moyses
3905 3576 4021 3640 erat

2427 3641 2585 3712 lator,
2611 3657 2711 3697 nec
2733 3657 2842 3698 non
2867 3643 3252 3712 praphetarum
3278 3639 3540 3712 {quorum
3573 3639 3760 3712 typum
3801 3639 4018 3712 gerebat

2428 3711 2602 3776 Elias,
2641 3710 3240 3770 testiinoniis'lsraelem
3289 3710 3411 3768 esse
3460 3710 3838 3781 judicandum.
3885 3710 4014 3764 Tum

2432 3783 2655 3854 alteram
2683 3783 2807 3839 facti
2830 3785 3070 3854 ejusdem
3101 3783 3364 3838 rationem
3396 3781 3590 3848 reddit,
3612 3783 3862 3854 nimirum
3893 3788 4016 3854 utet

2435 3853 2674 3926 humanis
2700 3851 2997 3926 corporibus
3038 3856 3239 3910 decreta
3281 3872 3389 3909 esse
3428 3853 3802 3926 resurrectionis
3847 3851 4018 3926 gloria

2431 3923 2719 3996 doceretur,
2749 3921 2864 3979 cum
2878 3926 3084 3992 quando
3116 3926 3318 3996 Moyses
3339 3923 3684 3996 conspicabilis
3728 3921 4017 3996 adstitisset

2432 3994 2600 4072 Quid,
2628 4013 2812 4072 quasso
2831 4039 2847 4063 ,
2894 3991 3119 4072 Moyses
3166 3991 3489 4072 conspectus
3509 3995 3573 4072 ad
3592 3991 4014 4072 resurrectionis

2431 4064 2711 4121 veritatem
2730 4064 3205 4122 demonstrandam
3230 4064 3476 4135 prodest,
3507 4067 3608 4120 nisi
3647 4078 3794 4118 mors
3818 4064 4010 4135 ipsius

2434 4144 2706 4206 tamquam
2733 4154 2820 4192 res
2850 4145 2973 4193 nota
2999 4148 3056 4193 et
3075 4134 3349 4207 comperta
3377 4136 3649 4206 ponatur?
3692 4149 3790 4189 cur
3816 4134 4010 4207 iuubac

2434 4203 2602 4262 altera
2646 4210 2856 4264 ratione
2905 4210 3078 4263 solum
3113 4203 3345 4284 Hilarius
3379 4203 3657 4284 'Moysen,
3681 4221 3788 4284 non
3843 4203 4008 4284 Eliam

2433 4286 2728 4346 memorat,
2757 4289 3128 4350 cumuutroque
3155 4279 3353 4348 pariter
3377 4276 3730 4350 quiestionetn
3759 4276 4007 4329 instituis-

2431 4358 2550 4414 set,
2580 4350 2682 4404 nisi
2708 4351 2829 4420 quia
2876 4349 3020 4405 hunc
3056 4349 3408 4417 translatum,
3462 4349 3613 4403 illum
3667 4357 3848 4401 autem
3891 4359 4009 4398 vere

2431 4429 2700 4475 mortuum
2722 4419 3005 4475 crederet?
3034 4421 3218 4490 Neque
3241 4435 3367 4475 vero
3386 4420 3475 4474 hic
3497 4419 3640 4474 illius
3665 4429 3762 4490 aut
3790 4427 4005 4490 mortem

2431 4499 2523 4544 aut
2544 4492 2872 4561 sepulturam
2901 4500 3094 4561 negat,
3125 4486 3218 4546 Sed
3246 4493 3424 4544 mortis
3445 4499 3495 4544 et
3524 4489 3806 4558 sepultum
3832 4486 4006 4541 condi-

2354 4584 2401 4644 Ι)
2430 4561 2620 4644 tionem
2634 4561 2905 4644 .sinhgulari
2916 4562 3344 4644 consideratione
3367 4561 3580 4642 dignam
3603 4561 3856 4614 observat
3887 4571 4005 4611 zea-

2427 4635 2617 4702 queita
2634 4633 2688 4686 in
2710 4633 3003 4702 Scripturis
3016 4641 3266 4698 tractata,
3291 4633 3442 4702 quasi
3472 4647 3568 4686 nos
3593 4644 3899 4702 prinpamre
3924 4641 4006 4702 v3)-

2427 4697 2685 4767 luissent,
2715 4713 2771 4757 ut
2790 4697 2911 4758 eum
2931 4703 3042 4767 jam
3072 4703 3240 4757 videri
3265 4697 3505 4772 potuisse
3531 4697 3898 4772 crederemus.
3920 4697 4004 4772 _Ex

2427 4789 2494 4828 eo
2523 4783 2702 4848 autem
2727 4774 2870 4843 quod
2917 4774 3152 4848 Moysen
3194 4769 3360 4827 unum
3405 4772 3668 4848 opinatur
3698 4788 3766 4848 ex
3812 4769 4004 4848 duobus

2429 4845 2656 4900 testibus
2680 4842 2828 4910 esSe,
2889 4842 3026 4914 quos
3069 4843 3347 4898 Johannes
3385 4845 3455 4899 ab
3505 4842 3829 4897 antichristo
3881 4842 4006 4911 peri-

2430 4916 2656 4971 mendos
2682 4915 2812 4970 dicit
2838 4931 2853 4980 ;
2881 4931 2988 4968 non
3018 4915 3260 4985 sequitur
3282 4916 3426 4969 illum
3451 4914 3616 4982 Moysi
3639 4923 3868 4967 mortem
3907 4924 4006 4985 _nc-

2428 5000 2614 5056 gasse,
2646 4985 2740 5040 sed
2762 4995 2964 5040 tantum
2984 4982 3111 5056 caui
3147 4985 3222 5040 illi
3275 4986 3726 5040 resurrectionem
3777 4982 4000 5036 nondum

2430 5056 2726 5130 indultam,
2777 5073 2903 5130 qua;
2935 5055 3096 5130 morti
3138 5056 3369 5125 amplius
3429 5056 3658 5110 obnoxia
3705 5069 3812 5108 non
3851 5059 3998 5130 esset.

2427 5126 2577 5193 Quod
2599 5127 2760 5182 etiam
2788 5121 2855 5182 de
2876 5126 3109 5182 Jeremia
3149 5121 3418 5183 senserint
3437 5139 3658 5181 necesse
3682 5135 3768 5179 est
3790 5165 3806 5184 .
3837 5124 3925 5194 qui
3942 5121 4004 5194 il-

2429 5192 2537 5251 lum
2563 5212 2626 5252 ex
2654 5198 2760 5251 illis
2782 5197 3008 5253 testibus
3037 5199 3264 5253 alterum
3297 5213 3417 5253 esse
3440 5197 3644 5252 volunt.
3677 5192 3999 5251 Nemo‘enim

2427 5276 2541 5338 est.
2592 5269 2683 5338 qui
2780 5269 2847 5323 de
2944 5269 3086 5323 illius
3165 5276 3341 5323 morte
3413 5281 3668 5338 umquam
3727 5265 3994 5338 dubitavit:

2427 5331 2668 5408 Denique
2699 5339 2783 5393 his
2825 5339 3002 5394 verbis
3047 5380 3062 5405 ,
3129 5339 3245 5395 licet
3289 5341 3447 5394 uaria:
3499 5331 3577 5392 viil
3625 5337 3687 5390 de
3728 5335 3909 5390 Euorlt
3935 5331 3998 5408 vel

2425 5408 2490 5480 de
2533 5401 2759 5463 Jéremia
2803 5401 3143 5480 plurimorum
3196 5412 3479 5464 exstiterint
3531 5409 3830 5480 Opiniones,
3883 5401 3996 5480 quod

2428 5479 2646 5552 alterum
2671 5479 3001 5552 eurumsicut
3014 5481 3195 5552 uEliam
3215 5483 3346 5534 mori
3370 5479 3638 5552 oporteat;
3657 5480 3791 5533 satis
3819 5479 3996 5552 indicat

2428 5564 2488 5633 se
2514 5550 2882 5633 solosJEnoch
2903 5560 2956 5607 et
2987 5551 3158 5607 Ellam
3181 5567 3212 5608 a
3234 5546 3538 5608 nobis'siue
3565 5556 3743 5633 morte
3788 5546 3995 5604 translr

2431 5630 2513 5676 tos
2541 5630 2904 5678 existimasse.
3593 5631 3600 5634 ’
