4222 6262
298 251 444 309 1055

1051 249 1066 270 ⁸
1168 251 1712 314 COMMENTARIUS
1752 254 1814 312 IN
1857 252 2289 317 M.\'I‘Tll/EUllf.
2332 257 2482 318 CAP.
2527 261 2669 318 XXI.

3460 270 3594 328 1051

300 373 386 422 ter
411 363 602 420 oravit.
639 364 769 421 Dum
790 363 934 422 enim
959 374 1084 422 sunt
1107 369 1415 425 vocationes
1438 385 1502 426 ex
1545 370 1710 426 Israel
1744 389 1757 426 :
1789 387 1890 426 una
1920 372 1970 434 A
2001 373 2139 429 viam
2177 375 2244 446 (f)
2274 375 2524 431 adsident
2555 393 2568 431 :
2599 376 2779 447 populi
2810 375 3058 433 videlicet
3096 379 3336 449 gentium
3378 379 3488 437 duo
3528 400 3596 438 ex

297 459 686 530 discipulorum
737 459 993 528 Joannis,
1040 461 1117 533 (a)
1142 463 1309 518 altera
1343 479 1438 534 per
1464 465 1739 535 apostolos
1759 464 1894 536 pha-

304 551 612 610 risaorum.
642 552 884 624 Namque
904 563 1024 625 post
1041 555 1347 624 passionem
1397 555 1622 611 Joannis
1645 555 1894 627 superius

300 643 540 716 legimus
566 645 863 716 discipulos
892 645 1012 716 ejus
1041 646 1107 701 ad
1135 646 1422 702 Dominum
1452 648 1732 705 transisse.
1766 647 1895 705 Ideo

295 737 462 810 igitur
484 755 582 810 pro
611 739 823 796 duobus
845 747 1056 805 uratur,
1080 740 1204 810 quia
1234 740 1531 812 Evangelio
1562 741 1763 798 Christi
1811 742 1895 797 hae

296 831 614 888 vocationes
657 831 890 902 gemina:
927 831 1294 889 crediderunt.
1320 833 1450 889 Post
1471 833 1587 889 haec
1617 835 1777 905 igitur
1796 832 1893 890 de-

293 939 417 980 cem
439 923 689 994 discipuli
715 923 1020 979 contristati
1048 931 1174 979 sunt
1220 924 1288 980 de
1341 924 1592 980 fratribus
1633 925 1891 980 duobus:

295 1031 480 1074 verum
506 1015 751 1088 ipsorum
781 1015 1016 1071 duorum
1043 1017 1432 1087 discipulorum
1459 1017 1608 1071 nulla
1637 1015 1896 1072 mmstitia

295 1119 398 1166 est.
431 1109 544 1164 Hoc
576 1108 714 1163 ratio
743 1123 850 1164 non
876 1108 1096 1179 patitur,
1123 1118 1182 1164 ut
1209 1107 1435 1163 alterius
1467 1106 1546 1179 (b)
1569 1108 1894 1162 contumelia

297 1203 435 1258 alius
467 1203 557 1258 ﬁat
587 1211 833 1258 mtestns.
864 1202 1025 1258 Certe
1054 1203 1216 1258 etiam
1248 1218 1343 1273 pro
1395 1219 1456 1257 se
1503 1203 1687 1258 decem
1719 1203 1896 1258 moesti

296 1312 418 1355 esse
449 1297 784 1368 potuissent;
809 1296 910 1351 sub
939 1295 1169 1350 duorum
1200 1295 1684 1350 enimvnominibus
1734 1310 1900 1364 nega-

298 1400 412 1447 tum
442 1393 544 1447 hoc
573 1390 828 1446 omnibus
850 1389 1162 1454 videbatur;
1191 1389 1287 1444 sed
1321 1388 1531 1460 typicus
1554 1387 1690 1443 ordo
1716 1403 1901 1444 serva-

297 1493 385 1541 tus
405 1494 508 1541 est.
541 1483 783 1555 Apostoli
809 1482 876 1537 de
897 1498 956 1538 se
978 1483 1113 1538 certi
1136 1489 1293 1537 erant
1321 1497 1333 1533 :
1361 1480 1487 1536 ideo
1513 1480 1688 1536 solum
1731 1495 1896 1536 mms-

299 1579 339 1633 ti
361 1587 484 1634 sunt
510 1577 579 1632 de
605 1575 838 1640 duobus,
855 1575 976 1646 quia
992 1575 1150 1630 etiam
1173 1573 1255 1628 his
1282 1572 1487 1628 duabus
1505 1571 1892 1638 vocationibus,

307 1685 426 1740 qua:
464 1685 532 1725 ex
574 1668 692 1740 lege
742 1677 896 1736 sunt,
952 1669 1287 1724 consortium
1337 1665 1524 1738 gloriae
1567 1665 1726 1736 hujus
1746 1672 1900 1734 Opta-

1995 465 2163 522 Cham
2197 477 2250 524 et
2275 469 2474 540 Japhet
2506 469 2775 540 procreati
2801 485 3054 541 egressus
3106 481 3162 526 et
3208 472 3310 527 iter
3352 473 3468 544 ejus
3497 474 3596 529 ob-

1995 569 2245 626 servant,
2297 561 2507 633 sibique
2565 563 2724 618 caecis
2767 562 2944 618 visum
3009 563 3161 619 reddi
3216 563 3596 635 deprecantur.

1998 654 2242 725 Denique
2273 671 2366 711 eos
2389 657 2544 711 turba
2576 656 2826 727 objurgat
2848 672 2944 711 cur
2972 658 3232 724 clament,
3257 669 3310 714 et
3333 659 3602 715 utsileant

1999 745 2242 817 increpat
2282 765 2294 800 :
2331 762 2438 804 non
2468 749 2612 820 quod
2641 749 2915 805 silentium
2947 765 3111 806 causa
3140 750 3361 807 honoris
3415 752 3600 824 exige-

1997 849 2153 906 rent,
2185 839 2282 896 sed
2313 841 2508 898 acerbe
2531 858 2560 897 a
2587 843 2745 899 caecis
2799 843 3028 900 audiunt
3081 846 3225 916 quod
3283 847 3594 917 negabant,

1999 932 2285 990 Dominum
2312 950 2436 992 esse
2460 938 2627 993 David
2661 939 2854 995 unum.
2889 940 3214 998 llluminatis
3231 943 3374 999 enim
3422 932 3600 1001 caeco-

1997 1043 2117 1084 rum
2144 1031 2420 1086 mentibus
2454 1031 2594 1088 Deus
2623 1034 2675 1088 in
2705 1033 2924 1090 homine
2953 1035 3348 1106 praedicabatur
3370 1079 3384 1102 ,
3421 1048 3477 1093 ut
3505 1054 3598 1094 ve-

1999 1137 2117 1177 rum
2145 1125 2457 1196 essetquod
2485 1141 2514 1180 a
2546 1128 2774 1183 Domino
2827 1127 3032 1184 dictum
3083 1140 3166 1185 est
3225 1149 3236 1184 :
3296 1131 3365 1185 In
3395 1132 3600 1202 judicio

2000 1217 2178 1270 mundi
2207 1218 2362 1290 hujus
2392 1221 2503 1274 veni
2525 1262 2539 1286 ,
2573 1230 2628 1274 ut
2655 1222 2742 1293 qui
2769 1222 2939 1276 vident
2961 1239 3063 1277 non
3093 1223 3296 1278 videant
3317 1264 3334 1289 ,
3359 1226 3480 1278 cwci
3508 1241 3588 1279 ve-

1999 1324 2057 1363 ro
2083 1311 2360 1380 respiciant
2391 1311 2570 1384 (Joan.
2604 1330 2677 1379 1x,
2713 1314 2828 1385 59).
2860 1315 2925 1369 At
2957 1315 3035 1369 illi
3056 1317 3219 1385 magis
3245 1317 3471 1370 clamant
3501 1333 3514 1370 :
3539 1325 3596 1372 et

2001 1397 2318 1457 demorante
2365 1402 2496 1474 legis
2525 1405 2757 1474 populo,
2801 1406 3267 1462 vehementiorem
3310 1407 3437 1462 ﬁdei
3490 1424 3603 1464 sua:

2001 1502 2371 1562 protestantur
2408 1497 2665 1553 calorem.
2725 1499 2832 1554 Sed
2890 1500 3150 1555 Dominus
3201 1499 3510 1568 miseretur,
3543 1509 3600 1557 et

2001 1585 2131 1652 quid
2183 1586 2370 1641 volunt
2397 1589 2646 1657 requirit.
2691 1589 2770 1644 Illi
2818 1604 2948 1646 vero
3002 1591 3200 1661 aperiri
3246 1593 3434 1647 oculos
3475 1607 3605 1648 suos

2003 1687 2314 1746 precantur.
2361 1679 2567 1748 Quibus
2599 1683 2853 1738 misertus
2885 1684 3072 1738 oculos
3103 1685 3366 1755 contigit,
3420 1693 3478 1740 et
3529 1686 3606 1739 vi-

301 1761 451 1816 bant.
499 1760 574 1815 lla
607 1759 748 1816 enim
773 1761 1035 1814 rationem
1064 1767 1118 1814 et
1143 1759 1305 1814 futuri
1328 1769 1380 1812 et
1407 1757 1690 1829 prtrsentis
1719 1771 1899 1812 sermo
1928 1771 1976 1830 Β
2004 1784 2122 1825 sum
2155 1775 2518 1844 cognoscendi
2543 1775 2637 1830 Dei
2657 1775 2892 1830 reddidit
2919 1776 3134 1849 (ΜαιιΙι,
3162 1793 3253 1843 xx,
3279 1776 3396 1846 54).
3429 1777 3606 1848 Atque

302 1853 635 1920 moderatur,
666 1862 725 1908 ut
771 1869 877 1909 nou
897 1852 966 1908 de
1000 1867 1059 1907 se
1089 1867 1262 1923 neque
1283 1852 1469 1907 decem
1493 1893 1508 1918 ,
1535 1851 1697 1923 770
1723 1853 1898 1919 neque

300 1946 406 2003 duo
432 1946 655 2003 solliciti
675 1947 1060 2012 scriberentur,
1089 1955 1144 2001 et
1166 1948 1217 2001 in
1247 1946 1432 2002 decem
1449 1944 1810 2000 sollicitudine
1831 1943 1898 1999 de

302 2037 538 2104 duobus,
554 2039 834 2107 praesentis
851 2037 1054 2109 negotii
1079 2037 1381 2093 efﬁcientia:
1407 2037 1892 2106 obtemperaretur.

351 2129 442 2184 12.
474 2129 558 2184 Ad
578 2131 796 2202 gloriam
817 2130 1104 2185 humilitate
1125 2129 1708 2200 pervenitur.—Volens
1737 2129 1898 2199 igitur

304 2222 566 2278 Dominus
604 2222 987 2293 proprietatem
1035 2221 1193 2276 nobis
1239 2221 1393 2275 istius
1447 2221 1898 2292 prteﬁgurationis

302 2313 625 2382 ostendere,
671 2324 831 2385 atque
866 2313 938 2386 (ε)
973 2314 1114 2368 hanc
1144 2313 1619 2384 praesumptionem
1651 2328 1778 2380 eos,
1807 2312 1897 2384 qui

305 2415 463 2463 erant
489 2422 553 2461 ex
576 2406 692 2477 lege
714 2405 959 2472 venturi,
986 2405 1053 2461 de
1075 2405 1425 2476 praerogativa
1479 2405 1756 2461 israelitici
1803 2421 1898 2460 no-

306 2499 470 2554 minis
497 2498 638 2554 velle
676 2513 1044 2568 przesumere;
1095 2499 1256 2552 docet
1283 2496 1643 2569 principatum
1694 2498 1762 2552 ab
1817 2498 1899 2554 his

306 2607 416 2650 non
448 2591 612 2647 modo
637 2592 876 2662 gentium
907 2591 1329 2662 capessendum,
1385 2592 1482 2648 sed
1538 2591 1818 2648 ministros
1847 2601 1902 2649 et

308 2687 647 2752 servientes,
674 2694 731 2742 et
760 2702 865 2741 non
897 2685 1092 2757 quibus
1123 2685 1484 2742 ministratum
1515 2687 1614 2751 sit,
1669 2685 1737 2742 ad
1781 2686 1900 2756 glo-

308 2777 447 2832 riam
477 2777 699 2833 honoris
727 2778 945 2832 maximi
973 2777 1318 2833 advocandos
1347 2777 1509 2852 (Ibid.
1541 2777 1636 2851 25)
1669 2795 1680 2831 :
1713 2793 1899 2834 exem-

308 2869 404 2941 plo
431 2869 635 2925 scilicet
667 2870 1094 2940 patriarcharum
1132 2878 1187 2925 et
1216 2870 1598 2940 prephetarum
1655 2871 1744 2941 qui
1789 2886 1905 2927 ser-

310 2961 544 3028 vierint,
572 2961 823 3032 exemplo
865 2961 1024 3016 etiam
1056 2961 1428 3032 apostolorum
1479 2962 1570 3032 qui
1628 2961 1906 3017 ministra-

311 3053 528 3120 verint,
560 3056 810 3126 exemplo
844 3056 1005 3111 etiam
1062 3055 1276 3111 Domini
1326 3057 1415 3126 qui
1459 3058 1693 3112 animam
1754 3071 1905 3112 suam

2004 1874 2236 1936 uttypns
2269 1869 2667 1923 erediturarum
2699 1869 2938 1939 gentium
2980 1869 3313 1938 expleretur,
3365 1870 3606 1924 caelestis

2001 1957 2189 2027 gratiae
2210 1959 2518 2029 cognitione
2544 1969 2797 2031 percepta
2825 2001 2840 2023 ,
2872 1960 2962 2030 qui
2989 1961 3119 2015 caeci
3145 1961 3355 2016 fuerant
3373 2001 3389 2027 ,
3418 1959 3605 2016 viden-

2004 2057 2087 2105 tes
2111 2049 2397 2106 Dominum
2426 2067 2582 2107 suum
2616 2060 2742 2106 sunt
2767 2053 2957 2108 secuti.

2500 2177 2660 2250 771
2702 2177 2930 2233 CAPUT
2973 2177 3116 2232 XXI.

2006 2289 2085 2346 De
2136 2291 2282 2345 asina
2327 2301 2376 2344 et
2428 2292 2572 2361 pullo
2597 2293 2708 2362 ejus
2733 2334 2748 2360 ,
2782 2293 2844 2346 de
2871 2293 3046 2362 ejectis
3072 2310 3104 2347 a
3135 2293 3320 2365 templo
3366 2309 3610 2348 nummu-

2077 2382 2224 2436 lariis
2245 2425 2260 2450 ,
2289 2383 2352 2437 de
2373 2383 2476 2453 ficu
2504 2385 2777 2439 maledicta
2797 2429 2811 2452 ,
2838 2384 2902 2439 de
2931 2385 3128 2440 duobus
3155 2385 3279 2455 [iliis
3309 2385 3378 2440 ad
3405 2387 3604 2442 vineam

2079 2475 2278 2540 missis,
2301 2474 2365 2529 de
2390 2475 2676 2547 publicanis
2708 2487 2754 2530 et
2783 2477 3152 2530 meretricibus.

2081 2591 2135 2646 1.
2165 2589 2436 2659 Superiori
2465 2606 2581 2663 cap.
2615 2590 2731 2646 dure
2775 2593 3065 2646 vocationes
3105 2609 3169 2647 ea:
3219 2592 3422 2661 Israel,
3473 2612 3610 2650 nunc

2008 2683 2220 2739 totidem
2245 2701 2309 2740 ea:
2335 2684 2568 2755 gentibus
2589 2686 2990 2757 prwsignantur.
3009 2717 3080 2726 —
3113 2685 3255 2741 Tunc
3281 2692 3316 2741 J
3322 2705 3436 2743 esus
3474 2691 3613 2745 misit

2010 2779 2140 2834 duos
2169 2794 2232 2832 ea:
2255 2779 2528 2850 discipulis
2560 2780 2666 2833 suis
2691 2779 2864 2833 dicens
2905 2795 2923 2832 :
2951 2778 3036 2833 Ite
3077 2780 3132 2834 in
3163 2781 3430 2835 castellum
3476 2784 3614 2853 quod

2011 2880 2188 2924 contra
2207 2886 2294 2926 vos
2309 2880 2406 2938 est,
2423 2878 2529 2926 etc.
2557 2869 2771 2943 (Matth.
2800 2872 2954 2937 xxr,l
2979 2881 3025 2925 et
3045 2869 3127 2944 2).
3152 2871 3266 2926 Duo
3279 2871 3527 2942 discipuli
3544 2875 3612 2928 ad

2011 2960 2187 3018 vicum
2217 2963 2530 3028 mittuntur,
2560 2971 2618 3016 ut
2639 2960 2845 3017 asinam
2876 2963 3092 3034 ligatatn
3122 2978 3245 3019 cum
3289 2965 3442 3036 pullo
3491 2964 3609 3036 ejus

2015 3053 2322 3118 absolvant,
2347 3063 2508 3124 atque
2536 3052 2604 3108 ad
2630 3068 2752 3108 eum
2775 3053 3075 3124 perducant
3104 3072 3116 3107 :
3148 3063 3203 3109 et
3222 3055 3265 3109 si
3284 3055 3406 3125 quis
3440 3055 3610 3111 inter-

313 3159 414 3216 pro
443 3145 814 3216 redemptione
845 3157 1046 3202 nostra:
1079 3147 1269 3203 salutis
1303 3147 1650 3217 impenderit.
1677 3147 1759 3205 Ad
1787 3149 1905 3221 glo-
1935 3161 1980 3226 (ς
2015 3157 2168 3218 roget
2194 3164 2290 3203 cur
2317 3148 2389 3202 ita
2423 3147 2514 3202 ﬁat
2539 3189 2554 3214 ,
2589 3147 2954 3218 respondeant
2978 3147 3206 3203 Domino
3234 3149 3574 3204 necessarios
3603 3190 3619 3217 ,

312 3239 450 3293 riam
475 3246 656 3294 autem
682 3238 1004 3295 humilitatis
1049 3239 1232 3308 istius,
1262 3257 1433 3297 caena:
1471 3255 1565 3297 eos
1595 3241 1674 3314 (ά)
1702 3251 1757 3297 et
1781 3258 1912 3298 con-

318 3331 452 3386 vivii
478 3330 640 3386 modo
667 3331 886 3386 instruit
912 3330 1066 3403 (Luc.
1096 3349 1216 3400 xtv,
1248 3333 1306 3404 8)
1336 3352 1349 3388 :
1377 3349 1609 3391 monens
1659 3335 1712 3390 in
1775 3335 1912 3392 locis

316 3422 768 3478 eminentioribus
787 3424 1035 3479 accubari
1068 3440 1172 3480 non
1201 3434 1453 3496 oportere
1476 3469 1491 3492 ,
1547 3443 1618 3484 ne
1663 3427 1804 3484 forte
1847 3443 1913 3485 eo

317 3513 638 3572 adveniente
664 3515 756 3587 qui
787 3516 984 3572 clarior
1011 3526 1094 3572 est
1118 3559 1132 3584 ,
1166 3533 1261 3588 per
1287 3519 1567 3576 dominum
1617 3537 1791 3579 cinna:
1821 3538 1914 3578 oc-

320 3616 520 3677 cupato
547 3607 667 3662 loco
695 3606 767 3680 (e)
811 3623 938 3664 cum
971 3611 1182 3666 decenti
1228 3615 1561 3670 contumelia
1606 3616 1915 3673 admonitus

321 3696 573 3753 decedat.
604 3698 774 3755 Porro
822 3709 1001 3756 autem
1051 3703 1097 3757 si
1131 3703 1184 3758 in
1216 3703 1512 3762 humilibus
1563 3709 1913 3789 accubuerit;

323 3791 743 3848 advenientibus
765 3792 1175 3862 humilioribus,
1204 3795 1272 3850 ad
1318 3797 1546 3867 gloriam
1579 3799 1683 3854 loci
1715 3799 1915 3855 celsio-

321 3884 400 3940 ris
425 3884 665 3940 accedet.
692 3884 868 3956 Atque
896 3887 967 3940 ita
999 3902 1106 3942 non
1141 3903 1471 3958 przesumere
1514 3891 1718 3962 aliquid
1748 3891 1916 3948 hono-

323 3975 400 4031 ris
429 3975 626 4047 decet,
650 3975 748 4032 sed
776 3977 1098 4034 humilitatis
1127 3979 1380 4051 operibus
1416 3982 1732 4050 promereri.

400 4070 488 4125 15.
519 4070 652 4125 chi
673 4069 796 4139 duo,
816 4082 987 4143 gentes
1009 4089 1072 4128 ea:
1091 4072 1254 4128 Cham
1278 4084 1325 4132 et
1353 4073 1563 4147 Japhet.
1595 4074 1761 4131 Deum
1789 4093 1921 4146 pra:-

327 4164 502 4218 dicant
531 4162 806 4221 Christum.
831 4193 902 4206 —-
923 4165 990 4220 Et
1013 4170 1385 4239 egredientibus
1416 4170 1524 4224 illis
1569 4170 1630 4224 ab
1660 4170 1873 4225 Jeri‘cho
1903 4214 1918 4238 ,

327 4268 500 4312 secuta
529 4267 600 4312 est
627 4274 741 4312 eunt
763 4260 912 4314 turba
939 4261 1100 4315 ntulta
1133 4273 1217 4317 :et
1239 4278 1352 4317 ecce
1373 4263 1477 4318 duo
1522 4264 1644 4319 cwci
1693 4265 1921 4320 sedentes

328 4370 481 4424 super
500 4353 634 4408 viam
663 4353 940 4410 audierunt
961 4357 1098 4428 quod
1117 4356 1273 4414 Iesus
1300 4360 1504 4425 transit,
1537 4367 1643 4416 etc.
1683 4358 1703 4431 (
1727 4358 1918 4414 Matth.

328 4461 399 4500 xx
425 4487 440 4513 ,
473 4445 586 4518 30).
618 4445 880 4517 Superius
912 4464 1007 4518 per
1023 4449 1246 4520 ﬁguram
1279 4450 1508 4506 duorum
1540 4451 1774 4506 ﬁliorum
1818 4451 1922 4507 Ze-

2014 3254 2078 3294 ac
2129 3241 2310 3295 statim
2343 3239 2418 3312 (g)
2446 3240 2823 3296 remittendos.
2851 3241 2982 3296 Post
3011 3241 3349 3310 superiorem
3401 3256 3610 3297 sermo-

2016 3349 2139 3388 nem
2159 3374 2175 3400 ,
2207 3349 2313 3403 quo
2342 3335 2394 3388 in
2428 3333 2638 3389 duobus
2662 3333 2791 3389 ﬁliis
2830 3333 3080 3390 Zebedaai
3111 3332 3381 3402 duplicem
3427 3349 3494 3388 ex
3541 3333 3620 3410 ls-

2015 3423 2127 3478 rael
2175 3424 2513 3482 vocationem
2557 3425 2914 3495 signiﬁcatam
2967 3425 3333 3491 meminimus,
3390 3439 3612 3495 compc-

2017 3523 2192 3571 tenter
2215 3532 2356 3572 nunc
2385 3516 2492 3572 duo
2521 3516 2770 3588 discipuli
2817 3516 2885 3571 ad
2934 3516 3250 3573 solvendam
3297 3515 3506 3574 asinam
3560 3526 3616 3571 et

2016 3609 2222 3679 pullum
2244 3608 2586 3664 destinantur
2617 3627 2632 3666 :
2664 3608 2789 3679 quia
2833 3609 3031 3678 duplex
3083 3617 3202 3664 erat
3247 3624 3313 3664 ex
3368 3609 3622 3681 gentibus

2018 3703 2190 3780 plebis
2216 3703 2430 3758 vocatio
2455 3713 2835 3758 consecutura.
2885 3701 3058 3756 Erant
3085 3703 3234 3756 enim
3289 3714 3451 3772 atque
3494 3710 3623 3756 sunt

2021 3796 2304 3852 Samaritae
2323 3838 2338 3864 ,
2373 3797 2604 3867 profecti
2632 3795 2906 3867 quondam
2939 3811 3035 3865 per
3060 3796 3428 3852 secessionem
3457 3811 3524 3850 ex
3543 3796 3618 3851 le-

2019 3903 2122 3959 ge,
2150 3897 2205 3944 et
2235 3889 2336 3945 sub
2361 3887 2593 3960 quadam
2643 3886 3004 3944 observantiae
3054 3901 3167 3941 suae
3223 3885 3620 3942 consuetudine

2021 3983 2320 4040 servientes
2352 3981 2726 4039 :erantetiam
2747 3989 2937 4051 gentes
2958 3978 3236 4034 indomitae
3282 3987 3336 4032 et
3387 3977 3618 4032 feroces.

2024 4075 2191 4146 Igitur
2215 4075 2324 4131 duo
2355 4075 2662 4139 mittuntur,
2690 4082 2749 4128 ut
2777 4072 2990 4127 solvant
3017 4071 3222 4141 ligatos
3243 4080 3296 4126 et
3327 4069 3622 4126 obstrictos

2025 4176 2080 4222 et
2105 4168 2308 4224 erroris
2332 4176 2491 4238 atque
2517 4165 2837 4238 ignorantiae
2858 4163 3092 4218 vinculis
3119 4162 3454 4237 praepeditos
3510 4179 3523 4215 :
3568 4171 3625 4216 et

2027 4264 2314 4318 mittuntur
2338 4270 2488 4316 extra
2520 4258 2820 4315 Jerusalem
2846 4273 2860 4322 ;
2891 4267 3046 4313 extra
3069 4271 3188 4311 eam
3215 4256 3361 4311 enim
3389 4254 3474 4309 ha:
3499 4251 3623 4308 dua:

2028 4357 2342 4412 vocationes
2371 4353 2728 4410 habebantur.
2758 4351 3028 4408 Caeterum
3060 4361 3234 4406 mater
3260 4349 3494 4406 ﬁliorum
3521 4347 3622 4405 Ze-

2031 4451 2202 4509 bedaei
2244 4452 2386 4506 intra
2426 4448 2726 4506 Jerusalem
2775 4446 3060 4502 Dominum
3118 4447 3292 4502 oravit
3343 4461 3358 4500 :
3417 4443 3629 4499 duabus

329 4538 500 4594 bcdtei
524 4579 538 4603 ,
587 4538 654 4593 de
683 4537 995 4596 lsraelitico‘
1014 4543 1211 4612 populo
1243 4551 1528 4599 tractatum
1576 4551 1694 4609 est,
1725 4545 1818 4614 qui
1856 4559 1922 4599 ex
1950 4557 2004 4619 D
2032 4544 2176 4600 enim
2205 4538 2880 4598 vocationibuslsrael.vel
2939 4553 3036 4608 per
3076 4537 3355 4608 apostolos
3404 4535 3489 4590 vel
3530 4549 3631 4604 per

329 4633 539 4688 semine
563 4631 692 4688 Sem
717 4642 835 4687 erat
861 4644 1032 4688 ortus.
1063 4635 1450 4705 Competenter
1480 4635 1642 4705 igitur
1669 4637 1800 4691 caeci
1823 4635 1930 4692 duo

405 4747 579 4821 (a)lta
608 4764 798 4803 omnes
819 4763 954 4821 mss.
985 4749 1124 4805 Editi
1155 4765 1316 4817 vero,
1349 4752 1512 4805 altera
1557 4753 1909 4821 apostolorum

334 4829 381 4874 et
407 4818 780 4894 pharisaorunt
798 4837 815 4874 :
837 4820 924 4877 cui
946 4821 1159 4876 lectioni
1189 4831 1451 4893 repugnat
1473 4818 1613 4891 quod
1636 4834 1756 4893 post
1783 4840 1912 4894 pau-

335 4906 399 4947 ca
427 4891 728 4960 subjicitur,
755 4894 986 4963 Apostoli
1015 4895 1076 4947 de
1095 4911 1149 4948 se
1171 4891 1293 4948 certi
1333 4891 1522 4960 crant;
1572 4891 1689 4948 ideo
1745 4891 1914 4950 solum

336 4964 500 5036 maesti
533 4973 647 5016 sunt
675 4965 736 5017 de
767 4965 997 5029 duobus;
1022 4967 1141 5036 quia
1172 4967 1321 5018 etiam
1342 4965 1423 5019 Itis
1454 4966 1654 5020 duabus
1694 4967 1920 5021 vocatio-

340 5033 490 5110 nibus
509 5050 624 5102 qua:
649 5051 712 5087 ea:
740 5035 847 5110 lege
875 5045 992 5090 sunt
1009 5033 1364 5110 ,consortiunt
1389 5038 1569 5110 glorise
1596 5036 1754 5110 hujus
1775 5049 1922 5108 opta-

337 5103 496 5176 bant;
526 5119 735 5176 necnon
767 5103 872 5162 hoc
900 5123 1019 5176 cap.
1073 5107 1137 5161 2f
1163 5151 1178 5173 ,
1213 5125 1268 5163 n.
1297 5124 1313 5162 ι
1345 5126 1358 5159 :
1389 5103 1604 5162 Duabus
1626 5103 1924 5164 enimvoca-

341 5175 561 5230 tionibus
585 5173 848 5231 lsraelvel
876 5173 1244 5249 per'apostolos
1292 5179 1371 5234 vel
1427 5196 1520 5250 per
1569 5179 1824 5235 Joannem
1873 5195 1936 5236 ex

341 5247 449 5301 leae
470 5247 717 5301 solvatur.

362 5263 449 5303 cae
470 5256 717 5303 solvatur.

423 5264 449 5300 e
470 5264 717 5303 sawatur.

389 5264 491 5394 ἐῷ)
523 5319 814 5394 Beccensis
835 5319 1040 5394 codex,
1069 5325 1308 5377 maestitia
1341 5339 1358 5376 :
1385 5338 1566 5394 prave.
1623 5321 1738 5377 Non
1778 5320 1935 5394 enim

348 5388 634 5462 Μέμφιοά
665 5389 954 5462 diligenter
979 5388 1398 5461 advertendum,
1450 5404 1673 5450 maestos
1700 5393 1814 5446 vult
1847 5392 1939 5446 lli-

349 5460 522 5534 larius
549 5460 858 5534 apostolos,
893 5465 1033 5530 quod
1063 5464 1306 5534 quaedam
1340 5464 1618 5534 privilegia
1649 5465 1753 5519 sibi
1781 5478 1937 5518 arro-

344 5531 592 5606 gaverint
617 5531 866 5606 lebedwi
893 5534 1020 5599 ﬁlii,
1046 5531 1140 5592 sed
1169 5534 1312 5606 quod
1343 5531 1616 5604 postulata
1648 5550 1755 5590 non
1783 5538 1941 5602 impc-

345 5602 645 5676 traverint._
668 5603 888 5661 Mmsms
917 5606 1050 5661 dicit
1099 5602 1594 5663 ob'contumeliam
1617 5648 1630 5671 ,
1678 5621 1782 5676 qua
1834 5606 1942 5661 duo

349 5673 589 5748 ipsorum
623 5673 818 5732 fratres
839 5677 1015 5733 aﬁ‘ecti
1049 5685 1176 5732 sunt
1199 5691 1294 5746 per
1322 5676 1594 5746 repulsam
1623 5693 1637 5730 :
1670 5673 1844 5748 neque
1872 5677 1943 5733 ob

350 5744 624 5814 repulsam
648 5762 807 5818 quam
833 5749 905 5804 illi
931 5750 982 5803 in
1007 5764 1068 5804 sc
1091 5757 1148 5804 et
1199 5744 1297 5802 suo
1335 5744 1554 5805 nemine
1574 5789 1590 5815 ,
1639 5748 1734 5805 sed
1759 5744 1943 5821 ’quam

835 5844 1110 5904 ΡΑΤιιοι.
1157 5841 1272 5904 ΙΧ.

2039 4637 2300 4693 Joannem
2347 4650 2413 4691 ex
2464 4633 2580 4705 lege
2649 4632 2909 4688 salvatur.
2973 4630 3170 4684 Verum
3203 4628 3282 4701 (h)
3329 4642 3482 4698 aeque
3531 4641 3632 4696 per

2022 4753 2242 4808 nomine
2291 4749 2518 4806 duarum
2585 4749 2932 4803 vocationutn
2978 4745 3156 4816 gentis
3213 4758 3326 4798 suae
3377 4756 3634 4824 perpessi.

2020 4833 2165 4878 sunt.
3616 4825 3636 4866 ι

2097 4895 2173 4965 (ε)
2198 4894 2295 4950 Hic
2326 4889 2719 4966 supplendum,
2769 4888 2942 4944 uolens
2975 4887 3261 4966 ostendere.
3323 4885 3479 4951 Mox,
3526 4901 3634 4941 non

2028 4961 2182 5042 modo
2202 4961 2472 5042 gentium,
2509 4965 2560 5020 id
2588 4971 2703 5042 est,
2735 4976 2840 5042 non
2863 4975 3014 5042 more
3039 4961 3328 5042 gentiuma
3368 5031 3400 5042 η

2104 5037 2182 5108 (ἀ)
2201 5031 2418 5103 Bad.,et
2435 5031 2692 5092 communi
2714 5031 2892 5108 modo;
2925 5031 3076 5108 Pan,
3104 5041 3149 5085 et
3181 5031 3400 5084 convicii
3433 5031 3586 5108 modo
3613 5045 3633 5084 :

2039 5101 2318 5165 mendose.
2355 5101 2504 5164 Hanc
2531 5116 2708 5163 autem
2737 5104 3051 5175 parabolam
3078 5144 3094 5169 ,
3121 5117 3282 5175 quam
3339 5103 3482 5175 apud
3526 5101 3638 5156 Lu-

2042 5194 2161 5234 cam
2192 5180 2484 5235 dumtaxat
2513 5180 2696 5249 legere
2733 5171 2849 5243 est,
2884 5175 2972 5249 hic
3002 5171 3150 5230 forte
3187 5171 3428 5228 Hilarius
3454 5175 3509 5227 in
3536 5187 3636 5228 suo

2043 5252 2338 5321 exemplari
2361 5247 2659 5306 subnexam
2685 5247 2953 5321 habuerit.

2117 5315 2374 5396 (e)'Apud
2399 5321 2522 5375 Par.
2556 5319 2868 5396 concedenti.
2910 5317 3118 5396 Infaliis
3140 5315 3270 5396 edit.
3306 5315 3636 5396 concedendi.

2042 5392 2100 5448 In
2126 5387 2225 5448 sex
2258 5387 2390 5448 mss.
2418 5392 2673 5445 camandi.
2709 5389 2789 5444 Ex
2806 5387 3020 5445 caeteris
3043 5388 3378 5443 restituimus
3410 5402 3524 5440 cum
3548 5389 3641 5441 de—

2046 5474 2196 5518 centt.

2117 5535 2188 5608 (ί)
2226 5534 2368 5608 ΕΑάὶιί
2404 5577 2418 5599 ,
2449 5534 2681 5608 obsident
2699 5547 2730 5608 _:
2761 5530 3122 5608 renitentibus
3146 5543 3283 5608 mss:

2118 5599 2197 5679 ty)
2225 5605 2315 5663 Sic
2344 5620 2475 5679 mss.
2509 5605 2596 5679 hic
2622 5602 2858 5679 etinfra.
2913 5604 2997 5679 At
3031 5599 3163 5656 editi
3193 5599 3422 5656 inferius
3443 5641 3459 5667 ,
3501 5601 3647 5655 emit-

2049 5672 2224 5749 tendus
2243 5721 2258 5742 ,
2287 5678 2432 5749 quod
2461 5674 2744 5749 etiambic
2769 5672 3088 5749 habet_Par.
3463 5742 3499 5749 _
3632 5719 3642 5727 .

2121 5747 2204 5822 (h)
2234 5749 2290 5805 In
2306 5742 2812 5820 'vulgatis,adatque.
2833 5743 3150 5800 Rctinemus
3171 5757 3291 5799 cum
3306 5757 3438 5800 mss.
3462 5742 3620 5799 Rom.
3633 5783 3649 5815 ,

3063 5837 3142 5899 33
