4222 6262
655 308 677 360 1
689 302 794 362 059

1873 296 2117 355 SANCTI
2161 297 2413 356 lllLARll
2454 297 2758 357 EPISCOPI

3817 296 3960 354 10ιῦ

657 419 888 484 ditates,
940 422 994 472 et
1052 412 1438 487 turpitudinum
1479 412 1850 470 confusionem
1901 413 2249 468 infructuosis
2279 416 2325 476 Α
2356 415 2468 486 ipsa
2500 414 2897 470 Pharisaeorum
2939 411 3224 484 responsio
3253 411 3380 482 quid
3421 410 3678 467 momenti
3708 410 3901 467 habeat
3937 451 3954 476 ,

659 521 804 566 esset
830 508 1116 563 verborum
1141 507 1456 562 velamentis
1485 516 1754 576 tamquam
1789 507 1922 561 ficus
1959 507 2100 561 foliis
2121 501 2254 561 con-

662 611 888 656 tectura.
918 600 1095 670 Atque
1134 601 1251 654 haec
1287 598 1506 668 quidem
1535 599 1602 654 de
1626 609 1813 653 natura
1843 599 2053 654 arboris
2100 598 2257 664 lnijus

661 693 944 763 interiecta
976 705 1138 756 sunt,
1170 701 1227 746 ut
1251 693 1670 761 comparationis
1709 694 2008 762 proprietas
2032 691 2257 761 intelligi

663 793 874 856 posset.
904 785 1166 857 Reliquus
1204 785 1384 857 itaque
1410 795 1684 857 gestorum
1717 785 1850 841 ordo
1887 794 1970 842 est
1997 797 2260 841 contuen-

658 881 780 937 dus.

734 974 822 1030 10.
861 973 1246 1029 Pharisworum
1301 974 1363 1027 de
1403 973 1625 1028 Joannis
1656 973 1908 1043 baptismo
1955 987 2261 1044 responsum

658 1068 746 1138 qui
768 1084 961 1122 verum.
991 1096 1063 1108 —
1084 1066 1341 1121 Pharisaei
1371 1067 1536 1120 multa
1577 1065 1777 1121 exinde
1807 1065 2056 1121 viderant
2079 1062 2155 1138 (a)
2183 1065 2265 1120 in-

660 1161 909 1232 gentibus
958 1161 1128 1231 magis
1173 1157 1331 1230 digna
1372 1158 1682 1214 miraculis:
1719 1159 1811 1214 sed
1851 1173 1994 1214 nunc
2030 1155 2265 1214 maxime

661 1254 878 1310 solliciti
906 1261 1053 1320 sunt,
1087 1261 1143 1309 et
1189 1256 1552 1323 interrogant,
1610 1253 1663 1308 in
1691 1269 1793 1323 qua
1822 1253 1940 1308 iure
1970 1251 2128 1307 faciat
2162 1265 2263 1320 po-

661 1354 855 1402 testate
888 1343 1126 1417 (Mattlu,
1161 1361 1269 1410 xxx,
1299 1344 1420 1416 25).
1446 1344 1553 1399 Res
1581 1346 1748 1410 enim,
1790 1346 1890 1400 sub
1917 1345 2263 1414 praesentium

660 1447 938 1509 gestorum
992 1437 1307 1502 effectibus,
1350 1437 1540 1507 ingens
1593 1436 1893 1492 futurorum
1942 1437 2268 1506 complecte-

660 1533 820 1588 batur
849 1547 1126 1586 arcanum.
1160 1531 1334 1602 Atque
1383 1531 1584 1586 idcirco
1633 1546 1697 1586 ex
1739 1545 1804 1585 eo
1843 1529 2154 1601 specialiter
2181 1529 2266 1584 in-

663 1623 974 1696 terrogandi
1007 1624 1277 1694 reperitur
1307 1621 1614 1688 instinctus,
1650 1623 1751 1677 sub
1785 1638 1891 1692 quo
1932 1625 2095 1678 totius
2121 1622 2266 1692 peri-

665 1717 776 1770 culi
830 1714 1197 1784 prmformatio
1240 1713 1632 1784 proferebatur.
1679 1714 1936 1769 Dominus
1976 1713 2269 1783 respondet

2360 507 2710 577 quaerendum
2744 517 2845 562 est.
2882 507 3073 562 Dicunt
3102 505 3366 561 voluntati
3397 507 3562 578 776
3589 505 3660 575 (c)
3682 505 3951 575 iuniorem

2365 601 2637 656 obedisse.
2673 601 2784 656 Hoc
2813 616 2992 656 rerum
3019 601 3156 656 ratio
3185 615 3291 656 non
3323 601 3526 670 patitur
3546 641 3560 663 ,
3613 607 3672 653 ut
3707 600 3956 663 simulata

2367 691 2632 760 professio
2659 691 2907 746 meritum
2925 691 3172 762 perfectae
3194 690 3436 746 veritatis
3461 689 3734 755 obtineat;
3761 697 3820 745 ut
3841 689 3960 760 plus

2363 786 2434 840 sit
2451 785 2706 841 fefellisse
2735 787 3112 856 spondentem,
3139 769 3297 856 quam
3329 783 3623 854 perfecisse
3645 785 3832 839 omnia
3855 799 3961 838 non

2366 877 2731 947 pollicentem.
2784 877 2918 946 Quis
2973 886 3151 932 autem
3204 891 3313 931 non
3363 876 3514 930 malit
3562 876 3746 946 negari
3779 875 3881 930 sibi
3910 874 3964 930 id

2363 968 2504 1036 quod
2537 980 2742 1038 poscat,
2765 968 3060 1024 dummodo
3089 969 3139 1023 id
3165 969 3309 1038 quod
3334 969 3641 1039 p0poscerit
3663 968 3778 1031 fiat,
3803 983 3966 1038 quam

2363 1077 2469 1117 non
2505 1061 2618 1116 fieri
2647 1061 2788 1132 quod
2817 1061 3149 1132 spondeatur
3190 1071 3248 1116 ut
3270 1061 3394 1126 fiat;
3422 1076 3543 1116 cum
3587 1060 3712 1116 facti
3739 1059 3967 1118 effectus

2365 1171 2430 1211 ex
2466 1155 2845 1225 desperatione
2887 1157 2956 1210 sit
3008 1155 3248 1225 gratior,
3305 1168 3431 1224 spes
3484 1162 3664 1210 autem
3708 1153 3969 1210 destituta

2367 1249 2490 1318 plus
2527 1249 2749 1304 doleat?
2773 1247 2890 1303 Nisi
2918 1248 3052 1304 forte
3076 1249 3410 1319 poscentimn
3431 1248 3683 1303 voluntas
3714 1247 3830 1303 sola
3863 1245 3968 1302 sibi

2366 1339 2673 1395 adulatione
2700 1341 3077 1410 spondentium
3115 1338 3443 1396 blandiatur.

2441 1434 2528 1488 15.
2562 1432 2730 1488 Filius
2759 1435 2921 1505 prior,
2961 1434 3047 1502 qui
3093 1451 3155 1488 ex
3189 1433 3474 1488 Pharisteis
3513 1433 3858 1488 credideram.
3887 1464 3961 1476 —

2368 1525 2782 1582 liecordandum
2815 1527 2976 1598 igitur
3004 1538 3108 1594 est,
3145 1528 3568 1598 propositionem
3596 1531 3970 1600 comparatio-

2370 1618 2454 1674 nis
2484 1620 2639 1674 istius
2674 1635 2741 1674 ex
2784 1635 2850 1676 eo
2880 1634 3130 1676 sermone
3169 1621 3536 1689 descendere,
3569 1624 3660 1692 qui
3706 1623 3873 1678 initus
3902 1625 3975 1678 sit

2369 1711 2438 1766 de
2465 1711 2690 1778 Joanne,
2720 1723 2776 1766 ut
2809 1712 3141 1768 infidelitatis
3167 1713 3592 1780 cunctationem,
3618 1715 3699 1784 (ά)
3729 1724 3784 1770 et
3811 1731 3878 1770 ex
3908 1731 3974 1771 ea

665 1807 933 1860 dicturum
977 1821 1100 1860 esse
1125 1822 1185 1860 se
1235 1807 1286 1860 in
1335 1822 1438 1875 qua
1480 1807 1595 1862 haec
1645 1808 1845 1861 faceret
1903 1816 2189 1876 potestate,
2219 1805 2265 1860 si
2297 1803 2346 1862 B
2373 1799 2577 1858 silentii
2619 1805 2995 1859 necessitatem
3043 1804 3346 1859 istiusmodi
3386 1806 3616 1874 positum
3656 1805 3978 1878 objurgaret

661 1897 826 1954 modo
866 1896 941 1950 illi
997 1897 1350 1965 interroganti
1399 1896 1504 1950 sibi
1551 1897 1997 1965 respondissent,
2043 1895 2269 1951 Joannis

663 1990 936 2060 baptisma
965 1998 1144 2043 utrum
1177 1987 1246 2043 de
1273 1989 1436 2053 cmlo,
1466 1999 1557 2043 aut
1586 2005 1654 2044 ex
1684 1989 1993 2044 hominibus
2017 1999 2270 2059 putarent

670 2097 794 2139 esse
845 2079 1009 2154 (Ibid.
1041 2080 1158 2152 24).
1209 2081 1278 2134 At
1333 2080 1409 2134 illi
1455 2082 1824 2151 responsionis
1871 2098 1982 2137 sine
2031 2083 2270 2152 periculo

666 2183 1007 2239 cunctantur,
1051 2172 1349 2244 cogitantes
1375 2214 1389 2238 ,
1423 2175 1466 2227 si
1491 2173 1560 2228 de
1605 2175 1744 2229 coelo
1771 2174 1996 2243 professi
2044 2183 2265 2239 essent,

667 2265 1012 2321 confessione
1038 2279 1133 2320 sua
1161 2279 1219 2319 se
1252 2279 1374 2320 reos
1403 2263 1906 2334 deprehendendos,
1938 2281 2034 2320 cur
2063 2266 2263 2321 coales-

675 2359 755 2412 tis'
787 2357 1075 2412 testimonii
1107 2357 1417 2410 auctoritati
1449 2372 1555 2411 non
1584 2357 1940 2412 credidissent
1973 2374 1986 2412 :
2015 2358 2057 2412 si
2081 2375 2146 2413 ex
2177 2359 2274 2412 ho-

677 2449 914 2503 minibus
958 2448 1260 2513 dixissent,
1309 2449 1490 2502 turbas
1524 2449 1866 2510 verebantur.
1902 2449 2081 2518 plures
2129 2449 2270 2503 enim

676 2539 994 2611 prophetam
1023 2539 1285 2594 Joannem
1321 2523 1587 2595 habebant
1617 2539 1780 2611 (Ibid.
1810 2540 1925 2611 9.6).
1961 2540 2275 2610 llcSponde-

672 2641 797 2688 runt
844 2632 1023 2700 itaque
1049 2673 1062 2697 ,
1108 2633 1316 2686 nescire
1347 2646 1405 2685 se
1450 2630 1618 2700 (Ibid.
1659 2632 1774 2702 27).
1824 2631 1940 2686 Non
1979 2632 2164 2701 utique
2206 2631 2274 2688 de

674 2726 816 2781 caelo
845 2725 1204 2789 nesciebant,
1238 2740 1358 2779 cum
1387 2725 1630 2779 convinci
1665 2725 1887 2780 veritate
1927 2726 2275 2795 professionis

670 2834 786 2875 suae
812 2828 1080 2874 metuunt.
1130 2818 1234 2874 Sed
1285 2834 1471 2872 verum
1521 2817 1668 2873 dese
1695 2819 1854 2872 etiam
1901 2833 2022 2872 cum
2051 2817 2273 2872 fallendi

677 2916 954 2970 voluntate
994 2914 1267 2967 dixerunt.
1300 2912 1405 2966 Per
1431 2911 1805 2989 infidelitatem
1839 2911 1984 2967 enim
2011 2927 2161 2966 suam
2200 2915 2268 2966 de

673 3008 812 3063 cmlo
850 3023 972 3062 esse
996 3006 1220 3062 Joannis
1244 3005 1509 3077 baptisma
1542 3005 1870 3061 nescierunt.
1903 3007 2057 3074 Quod
2091 3016 2271 3062 autem

673 3115 743 3153 ex
769 3099 1076 3154 hominibus
1097 3108 1266 3166 esset,
1296 3098 1495 3154 idcirco
1519 3115 1624 3154 non
1653 3109 1942 3170 potuerunt
1962 3104 2126 3168 scire,
2148 3103 2272 3172 quia

679 3205 789 3244 llDIl
818 3199 953 3245 erat.

751 3284 838 3336 Η.
872 3282 1171 3352 Difﬁcultas
1198 3284 1366 3352 prima
1395 3325 1410 3349 ,
1466 3285 1578 3354 quis
1609 3285 1746 3354 ﬁlius
1790 3284 1981 3350 senior,
2021 3269 2142 3355 quis
2183 3289 2278 3359 ju-

678 3378 813 3430 nior.
845 3405 914 3416 —
940 3375 1108 3429 Homo
1137 3377 1345 3444 quidam
1375 3377 1588 3431 habebat
1639 3378 1768 3431 duos
1798 3379 1955 3446 ﬁlias,
1989 3387 2044 3432 et
2070 3379 2276 3448 reliqua

680 3467 844 3538 (Ibid.
876 3466 989 3536 28).
1025 3467 1188 3522 Multa
1223 3477 1277 3523 et
1297 3469 1477 3538 gravia
1509 3479 1666 3534 sunt,
1690 3485 1810 3538 qua:
1838 3469 2170 3525 confundere
2198 3471 2278 3525 in-

681 3557 1031 3628 telligentiam
1072 3569 1318 3628 possunt,
1369 3558 1470 3612 nisi
1501 3558 1695 3626 prioris
1725 3569 1781 3614 et
1809 3560 2124 3628 posterioris
2155 3576 2278 3616 sen—

685 3665 779 3705 sus
804 3648 1048 3704 ordinem
1081 3649 1435 3704 tenuerimus.
1485 3649 1615 3718 Quis
1657 3651 1800 3705 cnim
1849 3651 1934 3704 hic
1983 3652 2279 3708 existimari

682 3741 884 3811 poterit
905 3739 1046 3793 filius
1075 3740 1282 3805 senior,
1314 3739 1406 3809 qui
1443 3741 1642 3794 iturum
1673 3755 1733 3795 se
1765 3740 1830 3794 ad
1877 3756 2011 3811 opus
2043 3758 2276 3814 negave-

681 3836 776 3900 rit,
810 3843 865 3889 et
915 3849 1010 3904 per
1043 3834 1412 3902 paenitentiam
1445 3835 1758 3889 emendatus
1789 3850 1854 3890 eo
1889 3851 2099 3889 rursum
2155 3852 2281 3906 pro-

683 3927 858 3981 fectus
879 3925 988 3980 sit?
1019 3925 1216 3995 Atquin
1251 3925 1414 3979 Israel
1463 3942 1566 3979 non
1600 3925 1847 3994 paenituit
1871 3967 1886 3992 ,
1919 3926 2012 3980 sed
2063 3928 2116 3981 in
2171 3927 2277 3982 Do-

681 4021 888 4073 minum
917 4034 1107 4072 manus
1136 4018 1334 4082 intulit,
1366 4025 1421 4070 et
1445 4017 1764 4072 universitas
1784 4018 1902 4087 ejus
1929 4019 2094 4074 Deum
2121 4033 2278 4074 suum

684 4111 850 4181 impio
881 4126 974 4164 ore
1021 4109 1306 4164 cruciﬁxit.
1357 4108 1632 4164 Juniorem
1665 4120 1841 4165 autem
1891 4125 2052 4180 quem
2083 4112 2282 4167 sentie-

685 4221 828 4272 mus,
859 4197 948 4274 qui
981 4205 1179 4257 iturum
1210 4219 1268 4258 se
1298 4204 1669 4273 spoponderit,
1698 4214 1752 4259 et
1779 4221 1886 4260 non
1913 4206 2140 4261 abierit?
2170 4206 2278 4262 Sed

688 4297 931 4365 gentium
961 4304 1413 4364 peccatorumque
1458 4296 1607 4365 plebs
1639 4295 1691 4350 id
1719 4296 1860 4365 quod
1888 4297 2176 4367 Spopondit
2205 4299 2283 4354 ef~

691 4387 836 4441 fecit.
896 4385 1043 4440 Abiit
1095 4385 1239 4440 enim
1266 4424 1282 4450 ,
1331 4394 1385 4440 ct
1425 4387 1490 4439 ad
1529 4401 1666 4455 opus
1706 4387 1772 4441 ad
1799 4387 1940 4457 quod
1997 4389 2284 4448 vocabatur

689 4492 906 4550 egressa
935 4485 1049 4532 est:
1069 4476 1340 4547 quomodo
1371 4492 1499 4548 ergo
1519 4477 1672 4549 (btea
1705 4493 1826 4534 esse
1859 4495 1979 4550 qua:
2004 4495 2108 4536 nou
2131 4481 2279 4550 abiit,

688 4571 995 4628 sentietur?

756 4665 842 4720 12.
871 4664 1166 4734 Difﬁcultas
1188 4665 1370 4731 altera,
1396 4665 1484 4736 qui
1496 4664 1677 4736 junior
1702 4666 1961 4722 obediens.
1985 4697 2056 4710 —-
2081 4668 2280 4726 Deinde

759 4782 836 4856 (a)
866 4781 1098 4856 Verbum
1129 4781 1324 4856 hocab
1369 4780 1593 4856 Erasmo
1629 4782 1681 4856 in
1713 4781 1821 4837 duo
1865 4781 2118 4849 divisum,
2151 4795 2273 4856 puta

687 4853 1011 4926 ingentibus,
1055 4856 1134 4926 sic
1160 4853 1416 4926 deinceps
1444 4854 1673 4926 obtinuit
1694 4895 1724 4926 ,Α
1755 4869 1818 4907 ac
1848 4862 2104 4922 praeterea
2137 4853 2276 4924 apud

689 4923 814 4981 Par.
861 4925 1106 4979 miraculo
1136 4939 1232 4993 pro
1263 4924 1522 4977 miraculis
1559 4923 1906 4978 substitutum
1949 4934 2048 4978 est.
2077 4923 2278 4981 Obser-

689 5011 816 5050 vare
858 5007 936 5052 est
990 4993 1296 5048 miraculum
1331 4995 1532 5048 Hilario
1574 4993 1825 5048 usitatum
1857 5010 1976 5049 esse
2017 5013 2111 5064 pro
2157 5007 2278 5052 artu

686 5067 986 5121 admirandi
1017 5109 1032 5132 ,
1064 5076 1116 5119 et
1136 5077 1318 5120 contra
1345 5067 1733 5118 admirationem
1767 5082 1860 5135 pro
1903 5080 1960 5120 re
1987 5068 2235 5124 mirabili.

766 5138 840 5208 (ὁ)
879 5138 1098 5203 Aliquot
1128 5151 1254 5190 mss.
1300 5153 1357 5189 ea
1381 5137 1496 5208 isse,
1524 5152 1637 5208 qua:
1666 5153 1766 5190 non
1792 5137 1915 5190 abiit
1945 5153 1963 5190 :
1988 5153 2059 5192 ex
2088 5140 2282 5208 quibus

689 5207 840 5274 Puta,
873 5226 930 5263 eo
953 5209 1072 5272 isse,
1102 5225 1200 5278 quo
1228 5223 1328 5259 non
1354 5207 1496 5260 abiit.
1521 5207 1862 5278 castigantur
1885 5224 1947 5263 ex
1974 5207 2132 5278 Bad.,
2163 5211 2277 5278 Er.,

690 5278 839 5348 Lips.
871 5289 925 5336 et
958 5279 1256 5348 potioribus
1280 5293 1410 5333 mss.

759 5351 834 5422 (c)
864 5351 1167 5422 Pharisaeos
1196 5349 1298 5404 hoc
1335 5349 1403 5404 de
1424 5349 1656 5422 seniore
1697 5365 2015 5422 responsum
2058 5350 2279 5408 dedisse

684 5420 831 5477 nunc
870 5420 1116 5491 legimus.
1151 5422 1222 5474 At
1265 5435 1370 5474 non
1421 5421 1605 5475 llilarii
1639 5420 1822 5486 modo,
1856 5422 1950 5476 sed
1994 5432 2048 5477 et
2087 5422 2278 5478 lliero.

687 5494 834 5561 nymi
879 5493 1208 5562 temporibus
1234 5494 1445 5562 vulgata
1472 5501 1588 5546 erat
1624 5494 1802 5557 lectio,
1837 5493 2150 5562 cosjuniori
2183 5511 2278 5551 seu

681 5564 975 5619 novissimo
1003 5562 1323 5618 obedientiae
1353 5565 1582 5632 palmam
1621 5563 1853 5617 dedisse.
1899 5563 2046 5618 Illam
2086 5575 2264 5622 tamen

679 5635 754 5687 ita
800 5636 988 5704 recipit
1017 5633 1396 5704 Hieronymus,
1432 5634 1590 5703 eique
1630 5635 2128 5702 interpretationem
2169 5652 2261 5692 ac-

680 5703 1072 5758 commodatam
1099 5703 1333 5772 subjicit,
1365 5712 1422 5758 ut
1445 5715 1499 5758 et
1526 5705 1832 5767 admoneat,
1863 5705 1916 5758 in
1943 5707 2074 5760 veris
2095 5724 2265 5764 exem-

686 5772 913 5839 plaribus
941 5790 1039 5826 non
1062 5772 1234 5826 haberi
1261 5774 1606 5843 novissimum,
1628 5776 1718 5829 sed
1745 5776 1985 5845 primum.

2371 1890 2702 1964 exemplum:
2745 1894 2853 1951 Sed
2891 1897 3030 1950 sicut
3067 1896 3119 1950 in
3165 1898 3381 1952 cancris
3428 1897 3820 1965 admonuimus,
3867 1900 3968 1955 hic

2372 2003 2586 2058 quoque
2615 1987 2926 2044 meminisse
2968 2003 3065 2042 nos
3095 1999 3330 2059 oportet,
3375 1991 3563 2044 rationi
3605 2007 3785 2046 rerum
3817 2007 3974 2060 pra:-

2371 2080 2608 2136 sentium
2654 2080 2854 2150 aliquid
2901 2080 3168 2136 interdum
3209 2096 3270 2135 ea
3302 2082 3609 2136 conditione
3646 2083 3862 2146 deesse,
3903 2091 3966 2138 ut.

2374 2171 2672 2226 futurorum
2719 2173 2930 2242 species
2969 2177 3088 2228 sine
3115 2171 3312 2228 damno
3341 2173 3522 2244 aliquo
3554 2174 3626 2246 (ε)
3655 2174 3974 2245 praefigura~

2372 2273 2440 2318 tae
2478 2261 2780 2319 efficientia:
2820 2261 3122 2336 expleatur.
3160 2265 3373 2320 Primus
3403 2274 3489 2321 est
3521 2266 3685 2331 filius,
3734 2269 3973 2336 papulas

2373 2370 2439 2411 ex
2469 2356 2754 2410 Phariszeis
2785 2356 2834 2410 in
2867 2372 3104 2426 prmsens
3140 2373 3168 2411 a
3201 2358 3308 2412 Deo
3346 2373 3440 2428 per
3477 2357 3700 2413 Joannis
3730 2359 3978 2428 prophe—

2377 2447 2502 2501 tiam
2533 2457 2588 2500 ut
2620 2449 2905 2517 prmceptis
2933 2450 3044 2501 suis
3083 2449 3484 2520 obtemperaret
3509 2449 3838 2506 admonitus.
3871 2451 3974 2508 Hic

2376 2541 2616 2597 insolens
2655 2553 2706 2597 et
2739 2541 3055 2596 inobediens
3096 2553 3152 2597 et
3179 2543 3334 2597 dictis
3374 2543 3739 2612 praesentibus
3777 2553 3978 2600 contu-

2378 2651 2497 2688 max
2542 2635 2659 2700 fuit,
2701 2635 2904 2690 habens
2947 2635 3000 2689 iu
3045 2634 3162 2706 lege
3206 2634 3479 2703 fiduciam,
3509 2645 3566 2690 et
3592 2637 3976 2706 paenitentiam

2376 2737 2720 2795 peccatorum
2746 2725 2915 2796 gloria
2958 2729 3325 2798 praerogativae
3351 2743 3417 2782 ex
3457 2729 3730 2784 Abraham
3772 2729 3978 2784 nobili-

2380 2817 2502 2871 tatis
2543 2817 2876 2885 adspernans
2920 2835 2934 2872 :
2973 2819 3061 2888 qui
3111 2818 3367 2889 deinceps
3413 2835 3640 2889 Operum
3696 2821 3980 2876 miraculis

2383 2921 2502 2981 post
2542 2909 2750 2964 Domini
2783 2911 3238 2966 resurreCtiouem
3271 2913 3540 2982 paenitens
3573 2913 3674 2968 sub
3713 2914 3987 2984 apostolis

2377 3001 2627 3066 credidit,
2665 3002 2787 3057 facti
2818 3003 2921 3057 fide
2951 3003 3018 3058 ad
3057 3005 3386 3061 voluntatem
3417 3007 3750 3072 evangelica:
3778 3021 3982 3077 opera-

2381 3094 2542 3149 tionis
2571 3109 2870 3164 rcgressus,
2904 3096 3190 3152 anterioris
3231 3097 3532 3153 iuSoleutiac
3558 3097 3775 3169 culpam
3805 3097 3988 3168 pretii-

2302 3194 2346 3256 C
2382 3188 2544 3243 tendo
2571 3186 2854 3243 confessus
2881 3197 2983 3244 est.

2454 3281 2540 3335 14.
2573 3279 2744 3336 Filius
2767 3282 2970 3353 jnnior,
3005 3283 3263 3351 publicani
3293 3292 3337 3337 et
3365 3294 3675 3354 peccatores.
3703 3313 3775 3324 ——
3801 3283 3980 3339 Filius

2379 3383 2560 3430 autem
2585 3375 2782 3442 minor,
2810 3376 2962 3445 plebs
2982 3385 3065 3431 est
3097 3377 3502 3445 publicanorum
3529 3386 3586 3434 et
3607 3390 3984 3448 peccatorum,

2381 3467 2494 3535 ipsa
2554 3465 2756 3535 peccati
2811 3465 2862 3520 in
2911 3482 3016 3537 qua
3065 3477 3177 3520 tum
3230 3467 3614 3523 demorabatur
3668 3469 3984 3523 conditione

2382 3558 2665 3628 posterior,
2685 3557 2772 3612 cui
2797 3569 3124 3628 praeceptum
3148 3559 3218 3624 sit
3239 3574 3332 3628 per
3350 3558 3612 3615 Joannem
3636 3570 3736 3614 uta
3761 3559 3984 3615 Christo

2379 3658 2720 3719 exspectaret
2749 3649 3015 3716 salutem,
3046 3649 3120 3723 (f)
3150 3660 3202 3706 et
3237 3650 3303 3705 ab
3329 3665 3395 3705 eo
3426 3651 3692 3720 baptizata
3723 3649 3984 3706 credide-

2381 3745 2470 3798 rit.
2502 3743 2607 3798 Sed
2633 3742 2777 3813 quod
2807 3743 2900 3809 ait,
2934 3743 3291 3813 spopondisse
3319 3758 3438 3800 eam
3465 3745 3658 3800 ituram
3680 3759 3761 3812 se,
3789 3753 3846 3800 et
3873 3761 3986 3800 non

2384 3835 2530 3898 isse;
2580 3823 2816 3888 ostendit
2857 3834 3154 3890 credidisse
3202 3851 3320 3890 eam
3365 3836 3581 3906 quidem
3623 3835 3839 3904 Joanni,
3886 3837 3986 3893 sed

2381 3927 2505 3997 quia
2547 3928 2914 3996 evangelicam
2955 3926 3203 3998 accipere
3239 3927 3540 3983 doctrinam
3573 3945 3674 3984 non
3713 3929 3815 3984 nisi
3846 3940 3987 3999 post

2383 4021 2689 4090 passionem
2735 4020 2944 4074 Domini
2989 4036 3086 4091 per
3127 4019 3404 4091 aposwlos
3450 4022 3621 4088 potuit
3662 4025 3796 4092 (tum
3833 4022 3988 4077 enim

2383 4122 2540 4168 erant
2580 4112 2829 4167 humanm
2883 4111 3078 4166 salutis
3109 4123 3446 4168 sacramenta
3481 4112 3840 4184 peragenda);
3873 4129 3988 4168 non

2387 4206 2495 4286 isse
2536 4222 2653 4260 eam
2699 4205 2983 4277 significat.
3034 4203 3276 4277 Denique
3315 4221 3422 4261 non
3465 4206 3539 4260 ait
3584 4205 3846 4272 noluisse,
3883 4205 3983 4262 sed

2386 4314 2492 4354 non
2519 4300 2716 4354 abisse.
2759 4299 2866 4355 Res
2908 4309 3060 4355 extra
3092 4299 3304 4370 culpam
3339 4298 3671 4355 infidelitatis
3699 4309 3783 4354 est
3803 4342 3818 4365 ,
3847 4300 3980 4372 quia

2391 4395 2444 4450 in
2476 4393 2602 4450 facti
2630 4403 2745 4450 erat
2773 4393 3087 4450 difficultate
3115 4410 3182 4448 ne
3224 4395 3395 4450 ﬁeret.
3426 4392 3542 4449 Non
3577 4395 3736 4465 igitur
3765 4395 3844 4450 ire
3873 4403 3990 4450 sta-

2388 4487 2482 4541 tim
2518 4485 2584 4540 ad
2626 4502 2762 4556 opus
2791 4486 2933 4556 quod
2977 4495 3302 4557 praeceptum
3340 4493 3424 4541 est
3463 4486 3676 4551 noluit;
3717 4485 3811 4542 sed
3853 4487 3985 4550 quia

2309 4581 2364 4643 D
2391 4581 2548 4654 777
2581 4581 2658 4636 ire
2687 4577 2764 4653 (g)
2791 4595 2898 4635 non
2931 4589 3158 4650 poterat,
3190 4595 3297 4634 non
3329 4580 3406 4634 iit.
3434 4579 3491 4634 In
3517 4595 3584 4634 eo
3614 4579 3757 4634 enim
3789 4594 3990 4636 neces-

2388 4675 2561 4729 sitatis
2590 4689 2740 4728 mora
2766 4675 2885 4728 sine
2913 4672 3139 4728 crimine
3171 4673 3457 4728 voluntatis
3479 4671 3806 4728 ostenditur.

2456 4787 2534 4862 (d)
2561 4789 2680 4843 Par.
2713 4796 2991 4862 expuncto
3004 4788 3261 4862 particula
3285 4797 3354 4854 et,
3383 4801 3504 4862 cum
3529 4785 3650 4862 aliis
3671 4785 3828 4840 editis
3851 4786 3988 4842 sub-

2379 4858 2616 4931 jici‘ebat,
2653 4877 2714 4915 ex
2735 4858 2801 4914 ea
2819 4859 3013 4914 silentii
3033 4861 3354 4931 necessitate.
3394 4859 3608 4931 [tectius
3635 4858 3847 4931 ingmss.
3885 4875 3983 4912 ne-

2385 4927 2687 4997 cessitatem,
2722 4939 2846 5002 puta
2873 4929 3069 4985 silendi
3103 4931 3241 4985 unde
3267 4929 3486 4984 Joannis
3515 4936 3661 4985 esset
3688 4927 3984 5002 baptisma.

2460 5005 2532 5071 (e)
2571 4999 2790 5057 Carnut.
2823 5017 2923 5055 ms.
2969 5017 3091 5056 cum
3128 5002 3278 5057 Coll).
3315 5003 3646 5072 prmﬁgurata
3687 4999 3983 5068 efﬁcientia.

2387 5073 2666 5128 Mallemns
2697 5073 3077 5144 prwﬁgnrantis
3108 5075 3404 5144 eﬁicientiw.

2463 5145 2530 5216 (Γ)
2561 5141 3036 5216 Post'partieulam
3070 5156 3116 5200 et
3134 5141 3392 5200 reticetur
3418 5159 3534 5214 quia
3553 5142 3807 5216 :tumab
3834 5157 3897 5196 eo
3919 5141 3988 5198 ad

2386 5214 2668 5277 Joannem,
2709 5230 2815 5269 non
2861 5214 2926 5268 ad
2969 5214 3240 5271 Christum
3282 5217 3536 5272 refertur.
3560 5214 3828 5280 Quocirca
3877 5229 3989 5270 non

2387 5288 2755 5355 recipiendum
2792 5285 2933 5354 quod
2972 5287 3023 5340 in
3055 5302 3155 5342 ms.
3193 5287 3470 5342 Vindocin.
3519 5294 3576 5340 ut
3617 5287 3669 5340 in
3704 5284 3917 5340 Turon.
3954 5299 3986 5340 a

2387 5359 2558 5430 prima
2589 5373 2771 5430 manu,
2796 5366 2841 5410 et
2869 5357 2930 5410 ab
2953 5372 3011 5411 eo
3037 5357 3583 5430 ὺηριὶιαεανετεάεγει.

2459 5429 2532 5502 (g)
2566 5429 2844 5502 lladacum
2877 5442 3004 5482 mss.
3035 5429 3188 5502 Golb.
3227 5439 3280 5485 et
3300 5429 3494 5502 iCarn.,
3523 5429 3592 5502 iri
3625 5443 3728 5502 non
3762 5437 3983 5502 poterat.

2383 5498 2554 5555 Totus
2582 5502 2674 5555 ille
2707 5501 2878 5563 locus,
2914 5514 2978 5551 ne
3009 5501 3093 5554 cui
3117 5501 3331 5556 errandi
3361 5501 3577 5556 occasio
3609 5500 3700 5560 sit,
3733 5498 3984 5553 nonnihil

2395 5582 2478 5626 est
2518 5571 2922 5642 cxpendendus.
2955 5569 3070 5626 Non
3101 5574 3240 5629 enim
3285 5572 3370 5626 hic
3409 5581 3569 5642 negat
3609 5569 3842 5625 Hilarius
3890 5585 3987 5642 po-

2375 5641 2624 5697 testatem
2658 5642 2977 5706 absolutam,
3005 5644 3098 5697 sed
3131 5659 3197 5699 ex
3225 5641 3557 5704 conditione.
3583 5655 3690 5712 qua
3719 5642 3864 5712 f)eus
3889 5641 3984 5695 de-

2373 5725 2642 5779 creverat,
2669 5722 2726 5768 ut
2757 5713 2890 5768 tides
2918 5715 3166 5782 gentibus
3189 5730 3294 5770 nou
3325 5711 3713 5783 praedicaraur
3735 5711 3834 5766 nisi
3860 5718 3983 5783 post

2377 5785 2681 5854 passionem
2713 5781 2942 5840 Domini.
2975 5783 3096 5853 Quo
3122 5781 3336 5857 spectat
3358 5785 3490 5842 illud
3512 5784 3686 5851 Pauli,
3710 5781 3979 5852 Quomodo
