4222 6262
381 301 512 357 1041

1271 304 1814 368 COMMENTARIUS
1845 311 1911 368 IN
1949 311 2383 377 MATTIIA'SUM.
2425 319 2578 377 CAP.
2623 322 2788 380 XXII.

3531 338 3672 393 1042’.

443 417 532 472 15.
586 416 658 472 Ili
687 419 943 486 quomodo
972 419 1276 476 obedientes.
1307 452 1377 463 --
1404 423 1470 478 Ει
1513 425 1564 479 in
1613 429 1962 497 responsione
1989 430 2270 492 AChristi
2305 439 2570 507 speculari
2611 450 2794 510 posset
2833 442 3118 501 adventus.
3159 446 3218 503 In
3255 449 3462 506 colonis
3499 469 3664 522 vero,

368 509 586 579 quidem
617 510 1012 566 Pharismorum
1038 512 1283 582 quaedam
1309 524 1390 570 est
1417 517 1714 572 necessitas
1736 520 1970 588 prOphe-

369 603 478 656 tiae.
507 601 641 657 Nam
675 601 830 656 inviti
861 603 1013 667 licet,
1051 603 1381 660 confitentur
1409 607 1532 676 quis
1563 609 1856 665 obsecutus
1897 612 1967 666 sit

368 695 654 760 voluntati,
677 695 862 764 junior
886 696 1095 751 scilicet
1125 698 1288 762 ﬁlius,
1316 699 1576 756 obediens
1608 705 1962 772 professione,

368 789 496 844 licet
523 803 629 843 non
655 787 900 844 efficiens
929 790 980 843 in
1013 800 1294 860 tempore;
1325 795 1449 864 quia
1494 795 1628 852 fides
1652 798 1770 854 sola
1806 800 1965 868 justi-

363 882 508 936 ﬁcat.
543 881 719 952 Atque
764 881 886 936 ideo
931 884 1198 953 publicani
1240 897 1295 939 et
1338 889 1652 944 meretrices
1700 891 1750 944 in
1799 908 1963 962 regno

361 984 517 1030 erunt
546 975 753 1044 priores
779 973 945 1046 (Ibid.
975 977 1055 1048 5),
1082 978 1203 1047 quia
1225 977 1417 1033 Joanni
1449 980 1797 1050 crediderint,
1825 996 1878 1040 et
1908 986 1959 1041 in

361 1067 734 1122 remissionem
779 1077 1121 1137 peccatorum
1166 1071 1419 1141 baptizati
1465 1071 1544 1146 (ιι)
1587 1075 1638 1128 in
1666 1076 1957 1133 adventum

366 1159 568 1215 Christi
611 1160 845 1216 confessi
877 1162 1007 1226 sint,
1040 1160 1380 1218 curationum
1408 1179 1573 1235 Opera
1602 1168 1957 1235 laudaverint,

359 1265 759 1310 sacramentum
810 1256 1078 1325 passionis
1116 1259 1444 1326 acceperint,
1475 1259 1725 1316 virtutem
1775 1279 1959 1318 resur-

355 1346 613 1403 rectionis
645 1347 980 1417 agnoverint.
1011 1347 1291 1418 Principes
1319 1361 1496 1406 autem
1528 1353 1872 1410 sacerdouun
1904 1367 1960 1410 et

359 1442 613 1497 Phariszei
641 1442 886 1497 videntes
911 1443 1026 1498 lucc
1055 1443 1150 1516 (ὁ),
1184 1453 1238 1500 et
1261 1455 1694 1516 contemnentes,
1723 1451 1812 1519 qui
1838 1453 1956 1520 jus-

353 1534 538 1590 tilicati
568 1549 664 1604 per
688 1533 849 1590 fidem
877 1550 981 1590 non
1003 1546 1179 1602 erant,
1213 1553 1309 1592 nec
1342 1554 1435 1608 per
1461 1541 1831 1609 paenitentiam
1867 1559 1955 1599 re-

353 1630 523 1699 gressi
571 1637 698 1683 sunt
739 1628 805 1683 ad
849 1630 1074 1685 salutem
1107 1649 1119 1684 :
1152 1642 1312 1703 atque
1358 1633 1478 1687 ideo
1523 1635 1574 1688 in
1621 1647 1939 1706 perpetuum

353 1721 559 1776 fructus
592 1737 778 1776 eorum
811 1723 913 1777 sub
948 1723 1328 1780 maledictione
1356 1740 1452 1793 ea,
1485 1743 1604 1797 quze
1647 1729 1700 1784 in
1740 1731 1954 1787 arbore

352 1815 455 1871 ficu
486 1814 951 1886 przeformabatur,
982 1818 1199 1872 arescit.

928 1951 1156 2008 CAPUT
1192 1953 1360 2011 XXII.

339 2063 428 2119 lle
463 2064 766 2120 vinitoribus
791 2064 878 2133 qui
917 2064 1100 2118 missos
1127 2064 1195 2118 ad
1228 2081 1282 2119 se
1316 2064 1376 2118 ob
1417 2067 1717 2135 repetendos
1743 2069 1942 2138 fructus

418 2156 767 2226 interﬁciunt,
817 2156 880 2211 de
919 2156 1145 2211 invitatis
1186 2158 1488 2226 promiscuis
1533 2171 1578 2213 et
1628 2170 1759 2215 veste
1801 2178 1939 2232 napo

416 2249 548 2304 liali.

412 2365 462 2417 l.
497 2361 883 2434 Paterfamilias
943 2363 1103 2419 Deus.
1142 2363 1334 2430 Vinea,
1369 2364 1646 2422 Israelitw.
1687 2367 1939 2422 Torcula.

343 2457 446 2525 ria,
475 2459 755 2528 prOphettc.
787 2488 856 2498 -—
886 2459 1056 2513 Aliam
1085 2459 1383 2528 parabolam
1403 2461 1598 2516 audite.
1630 2460 1800 2516 Homo
1827 2474 1935 2516 erat

339 2550 712 2622 paterfamilias
744 2592 760 2614 ,
794 2563 840 2604 et
869 2553 1116 2623 plantavit
1144 2554 1374 2618 vincant,
1409 2563 1456 2607 et
1499 2570 1668 2622 sepem
1704 2556 1928 2610 circurn-

336 2642 476 2696 dedit
502 2643 567 2707 ei,
595 2652 642 2696 et
667 2643 801 2707 fodit
830 2645 882 2697 in
908 2661 968 2698 ea
989 2643 1236 2710 torcular,
1260 2653 1307 2698 et
1335 2654 1523 2698 turrem
1546 2647 1842 2717 wdi/icavit,
1876 2659 1928 2704 et

334 2736 540 2806 reliqua
572 2734 738 2808 (Ibid.
779 2735 894 2808 55).
937 2737 1178 2804 Qumstio
1212 2738 1390 2792 omnis
1434 2738 1486 2792 in
1534 2739 1785 2795 absoluto
1825 2750 1926 2796 est.

331 2829 465 2886 Nam
496 2831 659 2885 etiam
690 2830 793 2901 ipsi
824 2830 1095 2900 principes
1124 2831 1467 2886 sacerdotum
1497 2842 1552 2886 et
1582 2832 1838 2888 Pharisaei
1863 2835 1930 2890 de

332 2937 394 2978 se
420 2922 524 2978 dici
567 2923 682 2978 haec
719 2923 1103 2994 intelligentes,
1150 2925 1201 2977 in
1230 2923 1364 2978 iram
1405 2925 1616 2979 accensi
1646 2935 1789 2980 sunt.
1822 2927 1928 2982 Sed

2071 527 2372 598 principum
2402 531 2743 588 sacerdotum
2783 544 2838 589 et
2873 535 3266 595 Phariszeorum
3303 553 3388 598 est
3429 545 3663 614 species,

2070 619 2264 688 quibus
2297 621 2348 674 in
2377 623 2586 692 plebem
2613 634 2849 694 potestas
2876 637 2960 683 est
2985 628 3063 702 (ά)
3091 634 3349 700 permissa
3375 634 3659 692 doctrinm.

2139 711 2194 765 2.
2229 713 2378 768 Servi
2399 717 2559 770 missi.
2593 717 2765 774 Filius
2800 724 3016 776 occisus.
3047 723 3268 780 Sceleris
3295 744 3428 796 spes.
3463 728 3665 784 Patris-

2069 803 2296 873 familias
2334 808 2547 864 reditus.
2586 809 2746 878 Lapis
2787 814 3072 885 angularia.
3106 846 3177 856 --
3202 816 3260 873 In
3305 821 3479 876 servis
3507 838 3659 888 vero,

2066 896 2156 965 qui
2193 896 2341 950 missi
2371 909 2494 954 sunt
2519 910 2578 954 ut
2615 902 2816 958 fructus
2857 905 3200 976 perciperent
3233 908 3306 981 (Ῡ
3328 910 3448 983 54),
3482 914 3663 970 varius

2066 996 2120 1040 ct
2145 1003 2288 1058 szepe
2318 991 2579 1059 repetitus
2605 1008 2925 1063 progressus
2963 1007 3048 1052 est
3074 1001 3480 1069 prophetarum.
3512 1004 3660 1060 Missi

2064 1087 2243 1135 autem
2271 1097 2482 1138 rursum
2518 1084 2697 1153 plures
2737 1089 3006 1156 prioribus
3035 1092 3107 1161 (ᾖ
3130 1091 3246 1164 56),
3281 1102 3491 1166 tempus
3523 1098 3656 1153 illud

2063 1180 2166 1236 est,
2209 1188 2316 1241 quo
2362 1186 2480 1243 post
2512 1174 2846 1244 singulorum
2893 1181 3354 1250 praedicationem,
3397 1186 3660 1256 plurimus

2063 1260 2116 1314 in
2165 1277 2327 1316 mmm
2377 1265 2810 1335 prophetantium
2855 1286 3109 1328 numerus
3141 1276 3374 1331 emissus
3417 1287 3534 1343 est;
3568 1281 3657 1348 qui

2061 1357 2226 1410 variis
2256 1360 2587 1427 temporibus
2611 1361 2878 1417 verberati
2911 1374 2965 1418 et
2991 1365 3208 1436 lapidati
3239 1379 3293 1422 et
3314 1370 3481 1425 occisi
3500 1379 3650 1438 sunt,

2058 1445 2264 1503 fructus
2297 1451 2554 1506 instituta:
2580 1454 2749 1523 plebis
2779 1456 3091 1529 eductaeque
3115 1471 3440 1531 repetentes.
3465 1464 3522 1519 In
3544 1466 3654 1521 filio

2059 1555 2188 1594 vero
2229 1542 2293 1596 ad
2338 1545 2582 1599 ultimum
2630 1548 2797 1603 misso
2826 1548 2897 1620 (Ῡ
2929 1548 3071 1621 57),
3119 1553 3328 1608 Domini
3376 1559 3543 1611 nostri
3594 1567 3651 1613 et

2057 1633 2319 1691 adventus
2363 1646 2418 1692 et
2459 1640 2639 1709 passio
2677 1651 2760 1696 est
2793 1660 2804 1696 :
2844 1645 2934 1714 qui
2975 1655 3124 1699 extra
3161 1647 3482 1716 Jerusalem,
3519 1661 3652 1706 tam-

2056 1741 2216 1797 quam
2257 1739 2407 1783 extra
2439 1732 2684 1798 vineam,
2719 1734 2770 1788 in
2805 1737 3126 1792 sententiam
3165 1739 3525 1796 damnationis
3552 1744 3650 1798 ab-

1977 1818 2025 1878 B
2046 1817 2223 1889 jectus
2254 1828 2354 1874 est.
2385 1819 2683 1876 Consilium
2726 1840 2857 1878 vero
2885 1827 3198 1881 colonorum
3233 1840 3288 1883 ct
3315 1829 3651 1888 haereditatis

2047 1913 2228 1966 occiso
2273 1911 2492 1969 Iuerede
2529 1917 2878 1987 praesumptio
2916 1918 2988 1990 (ᾗ
3022 1919 3134 1993 '58),
3180 1937 3304 1992 spes
3344 1923 3519 1980 inanis
3561 1938 3643 1983 cst

2045 2005 2271 2074 gloriam
2333 2006 2489 2077 legis,
2545 2018 2824 2079 perempto
2874 2009 3122 2078 Christo,
3180 2029 3341 2084 posse
3395 2018 3638 2074 retineri.

2043 2097 2100 2152 In
2129 2098 2198 2169 (e)
2243 2099 2642 2168 patrisfamilias
2693 2102 2865 2156 reditu
2895 2103 3083 2175 (μθ)
3108 2147 3122 2172 ,
3171 2116 3413 2178 tempore
3450 2110 3637 2179 judicii

2045 2193 2223 2264 gloria
2251 2204 2334 2248 est
2379 2196 2428 2248 in
2475 2195 2614 2251 Filio
2653 2204 2892 2265 paterna:
2932 2202 3228 2268 majestatis
3267 2203 3548 2260 assistens.
3585 2206 3641 2260 In

2041 2285 2404 2354 responsione
2441 2296 2617 2341 autem
2653 2287 2889 2356 ipsorum
2920 2291 3222 2360 principum
3254 2303 3308 2348 et
3348 2294 3642 2364 pharisaeu-

2042 2394 2185 2445 rum,
2219 2379 2460 2435 redditur
2486 2379 2700 2450 dignius
2734 2381 2996 2450 apostolis
3025 2383 3157 2454 legis
3190 2384 3498 2442 ltzereditas.
3533 2387 3641 2446 Sed
3707 2392 3718 2398 ’

2041 2468 2131 2524 hic
2162 2470 2302 2525 filius
2335 2470 2471 2540 lapis
2496 2481 2578 2525 est
2605 2471 2672 2526 ab
2697 2473 3090 2528 aedificantibus
3121 2475 3476 2544 improbatus,
3507 2490 3561 2534 et
3587 2482 3640 2536 in

2038 2563 2308 2632 fastigium
2340 2562 2615 2633 angularia
2641 2571 2876 2628 erectus,
2901 2574 2956 2620 et
2985 2565 3036 2620 in
3065 2566 3236 2621 oculis
3263 2570 3506 2624 omnium
3539 2573 3641 2625 mi-

2038 2655 2244 2718 rabilis,
2279 2665 2334 2710 et
2375 2658 2516 2711 inter
2545 2657 2713 2726 legem
2746 2666 2909 2726 atque
2938 2664 3130 2728 gentes
3157 2659 3342 2714 lateris
3368 2670 3424 2715 et
3467 2645 3638 2718 indili-

2037 2749 2109 2805 cii
2138 2750 2421 2820 utriusque
2449 2748 2776 2818 conjunctio.

2112 2843 2166 2896 5.
2204 2841 2422 2910 Nuptias
2444 2841 2570 2910 quid
2605 2858 2625 2895 :
2653 2859 2744 2895 cur
2773 2859 2806 2895 a
2840 2841 3000 2897 Patre
3028 2847 3201 2914 facta.
3235 2874 3304 2884 -—-
3339 2843 3524 2901 Simile
3562 2857 3635 2901 est

2042 2949 2258 3004 regnum
2288 2935 2535 2987 caelorum
2576 2934 2771 2987 homini
2809 2935 2950 3005 regi,
2991 2939 3080 3005 qui
3120 2935 3239 3003 fecit
3279 2937 3483 3007 nuptias
3523 2939 3634 3006 [ilio

335 3032 687 3088 personarum
719 3019 1038 3089 proprietas,
1069 3030 1122 3073 et
1154 3034 1332 3072 rerum
1359 3019 1784 3088 comparationes
1804 3031 1930 3076 sunt
2030 3040 2161 3091 suo,
2217 3034 2262 3079 et
2309 3025 2446 3078 misit
2495 3040 2663 3079 servos
2707 3042 2826 3079 suos
2878 3043 3058 3082 vocare
3103 3027 3344 3082 invitatos
3385 3031 3454 3082 ad
3501 3048 3634 3098 nup-

332 3111 693 3183 proferendae.
753 3111 1198 3167 Patremfamilias
1231 3112 1317 3166 hic
1347 3120 1549 3182 patrem
1578 3114 1740 3167 Deum
1769 3115 1926 3169 intel-
2029 3116 2151 3180 tias,
2187 3125 2292 3170 etc.
2328 3114 2546 3188 (Matth.
2579 3131 2714 3181 χχιι,
2741 3116 2822 3184 2).
2858 3117 2925 3169 Et
2967 3116 3085 3171 haec
3119 3117 3334 3187 quidem
3366 3120 3628 3189 parabola

330 3205 545 3275 Iigimus
571 3249 585 3273 ,
612 3207 698 3278 qui
729 3207 983 3277 populum
1013 3206 1179 3261 Israel
1202 3208 1254 3261 in
1283 3217 1574 3276 proventus
1595 3208 1920 3278 optimorum
1948 3196 1994 3259 C
2027 3208 2401 3279 distinguenda
2423 3209 2870 3277 temporibusest,
2889 3218 2942 3263 et
2969 3210 3331 3280 dignoscenda
3357 3215 3627 3281 personis.

331 3297 600 3354 fructuum
634 3299 979 3369 plantaverit,
1009 3301 1208 3370 quique
1244 3316 1338 3355 eos
1379 3302 1805 3357 sanctificatione
1833 3318 1924 3372 pa-
2034 3300 2100 3355 Et
2129 3300 2197 3355 de
2228 3315 2454 3369 persona
2489 3300 2634 3369 regis
2663 3309 2714 3355 et
2736 3299 2830 3354 filii
2861 3300 3106 3355 absoluta
3134 3301 3489 3372 intelligentia
3518 3313 3624 3358 est.

334 3394 474 3449 terni
503 3395 755 3460 nominis,
799 3394 854 3449 id
896 3405 976 3449 est
996 3436 1009 3459 ,
1043 3395 1324 3452 nobilitate
1350 3396 1579 3452 Abrahae
1613 3407 1667 3450 et
1692 3396 1840 3452 Isaac
1871 3405 1925 3451 et
2034 3392 2253 3448 Fecisse
2282 3402 2462 3446 autem
2492 3399 2701 3462 patrem
2744 3392 2960 3461 nuptias
2992 3393 3124 3458 filio,
3156 3404 3210 3448 et
3235 3395 3315 3449 sic
3344 3395 3623 3462 invitasse,

337 3485 506 3542 Jacob
537 3486 675 3541 intra
706 3487 840 3542 ﬁnes
863 3501 1010 3554 suos,
1040 3497 1307 3559 tamquam
1336 3497 1490 3559 septo
1521 3489 1705 3559 aliquo
1736 3499 1920 3545 custo-
2031 3502 2168 3542 nova
2200 3487 2339 3540 ratio
2371 3496 2471 3541 est.
2507 3485 2638 3540 Nam
2685 3486 2900 3555 nuptias
2946 3484 3124 3541 facere
3144 3527 3159 3550 ,
3199 3496 3253 3541 et
3294 3488 3533 3543 auctoris
3574 3499 3631 3543 et

334 3579 437 3634 diae
461 3579 766 3649 peculiaris,
793 3579 1097 3645 incluserit;
1125 3583 1418 3650 prophetas
1443 3597 1658 3652 quoque
1678 3581 1922 3650 quaedam
2033 3578 2296 3648 temporis
2344 3589 2428 3634 est
2476 3579 2806 3658 nuptiarum.
2841 3577 3038 3633 Verum
3087 3578 3176 3633 hic
3219 3582 3451 3649 nuptiae,
3501 3582 3627 3636 vitae

338 3673 490 3741 quasi
512 3671 1405 3743 torculariaaptaverit,inquoslc)
1425 3675 1582 3727 musti
1601 3675 1926 3744 modoquze-
2028 3671 2266 3724 caelestis
2318 3677 2368 3722 et
2426 3669 2478 3721 in
2532 3669 2935 3722 resurrectione
2985 3669 3345 3738 suscipiendae
3399 3683 3620 3727 :eterme

333 3762 456 3818 dam
484 3763 704 3818 ubertas
725 3766 892 3818 sancti
919 3763 1148 3833 Spiritus
1172 3763 1428 3818 ferventis
1449 3764 1613 3836 778
1634 3764 1918 3820 inﬂueret:
2028 3762 2219 3831 gloria:
2254 3769 2650 3814 sacramentum
2682 3767 2784 3813 est.
2821 3759 3009 3814 Merito
3047 3760 3210 3828 igitur
3249 3776 3277 3813 a
3309 3762 3470 3818 Patre
3497 3775 3625 3819 sunt

334 3853 386 3910 in
418 3855 550 3910 turri
582 3864 761 3910 autem
793 3855 1137 3911 eminentiam
1175 3855 1307 3926 legis
1335 3857 1693 3922 exstruxcrit,
1727 3871 1847 3925 qua:
1871 3868 1926 3912 et
2029 3855 2220 3919 factm;
2255 3854 2378 3923 quia
2419 3853 2735 3907 aeternitatis
2767 3852 2922 3921 hujus
2950 3853 3216 3936 societas,
3247 3864 3303 3909 et
3347 3857 3473 3915 novi
3501 3872 3623 3912 cor-

331 3945 385 4002 in
437 3946 635 4002 coelum
681 3962 750 4003 ex
795 3948 912 4003 solo
951 3963 1166 4020 egressa
1209 3946 1564 4018 proveheret,
1610 3957 1666 4002 et
1707 3964 1772 4004 ex
1818 3965 1922 4019 qua
2031 3949 2175 4018 poris
2207 3945 2279 4019 (ι’)
2310 3946 2580 4016 desponsa
2610 3945 2942 4015 conjunctio,
2971 3947 3081 4015 jam
3116 3946 3351 4016 perfecta
3382 3947 3620 4005 habeba-

2021 4114 2116 4167 est,
2141 4103 2284 4175 ingeis
2310 4111 2476 4157 autem
2501 4103 2590 4172 qui
2619 4118 2729 4175 non
2752 4110 3045 4174 potuerunt,
3085 4120 3234 4172 ptena
3261 4106 3473 4175 peccati.
3508 4106 3616 4162 Aut

2022 4185 2167 4246 certe
2198 4173 2429 4229 Hilarius
2451 4184 2676 4246 eatenus
2717 4172 2804 4227 hic
2837 4182 3025 4246 gentes
3056 4172 3315 4246 excusat,
3347 4186 3615 4246 quatenus

2022 4245 2218 4301 Joanni
2262 4246 2372 4314 jam
2414 4244 2759 4309 crediderint,
2812 4258 2864 4299 et
2910 4244 2974 4298 ad
3024 4244 3619 4304 credendum‘Christo

2025 4317 2360 4386 professione
2386 4325 2441 4372 et
2466 4316 2628 4370 animi
2659 4315 3016 4385 propensione
3047 4327 3244 4386 parata:
3271 4319 3399 4373 sint.

327 4105 531 4160 credent
559 4106 606 4161 ei
632 4122 778 4175 quem
823 4123 924 4159 non
954 4105 1266 4159 audierunt?
1305 4104 1570 4172 Quomodo
1612 4115 1782 4159 autem
1819 4123 1916 4159 au-

329 4178 466 4249 dieu_t
497 4179 606 4231 siue
642 4177 990 4249 prtedicante?
1033 4191 1137 4232 etc.
1184 4178 1261 4231 Ex
1303 4179 1403 4231 hac
1452 4177 1542 4230 Dei
1583 4177 1918 4231 ordinatione

327 4247 684 4319 proficiscitur
701 4249 788 4302 illa
805 4265 922 4316 qum
937 4264 1055 4301 mox
1075 4258 1402 4304 memoratur
1419 4250 1728 4302 necessitatis
1751 4265 1916 4310 mora,

326 4335 421 4373 seu
451 4321 743 4374 necessitas
776 4335 941 4398 mora;
966 4323 1030 4372 ad
1064 4319 1411 4398 cr_edet_t_dum.
1443 4321 1534 4398 lia
1554 4320 1694 4372 enim
1725 4333 1917 4398 vocum
2025 4319 2360 4398 professione
2386 4325 2441 4372 et
2466 4319 2628 4398 animi
2653 4319 3000 4398 propensiom

325 4390 562 4445 inversio
596 4392 797 4446 llilarin
826 4390 979 4444 valde
1003 4399 1087 4445 est
1109 4391 1405 4445 familiaris.
1433 4389 1536 4444 Sed
1566 4400 1620 4444 et
1647 4407 1766 4443 cum
1797 4391 1872 4443 ait
1903 4407 1916 4443 :
2058 4459 2063 4460 ί
2095 4385 2172 4460 (a)
2206 4389 2307 4442 Sex
2351 4404 2481 4442 mss.
2514 4388 2568 4441 in
2594 4389 2830 4460 adventu.
2866 4386 3032 4457 Magis
3062 4387 3299 4456 placeret
3339 4390 3610 4444 adventum

325 4460 393 4514 In
423 4464 546 4532 [acti
573 4472 679 4517 erat
722 4463 1015 4541 diﬁirrultate
1043 4479 1105 4541 ue
1142 4464 1280 4541 ﬁeret
1299 4477 1320 4526 ;
1347 4470 1550 4541 tantum
1582 4461 1781 4516 indicat
1813 4460 1922 4541 fac-
2024 4456 2669 4541 sin‘e'przepositionehin.
2689 4456 3447 4541 Commendantgrgentes,
3471 4463 3614 4541 quod

328 4519 440 4610 tum
495 4534 734 4598 difficile,
776 4519 892 4586 'iton
948 4525 1088 4602 q'uod
1140 4519 1359 4610 puluino
1410 4533 1530 4610 fieri
1573 4547 1677 4585 non
1730 4533 1916 4610 possit.
1945 4550 2000 4610 Ι)
2028 4540 2146 4610 post
2176 4519 2486 4610 passionem
2516 4529 2719 4610 Christi
2755 4527 3055 4610 praedicatis
3094 4519 3289 4610 tﬂviﬁis
3315 4519 3610 4610 mysteriis,

325 4601 507 4672 Neque
526 4606 702 4680 etiam
732 4620 948 4658 movere
965 4598 1136 4680 'debet
1166 4603 1495 4680 illudtquod‘
1518 4605 1633 4680 haec
1674 4598 1916 4680 prosilire
1945 4598 1994 4648 θ’
2034 4599 2298 4680 lirrigeniti
2328 4601 2418 4680 Dei
2463 4599 2750 4680 adventum
2793 4598 3120 4680 crediderint
3159 4609 3320 4669 atque
3353 4598 3616 4656 confessa:

277 4673 286 4684 '
325 4669 582 4751 praisedit
611 4693 624 4729 :
665 4675 763 4729 Res
792 4685 935 4728 extra
960 4669 1540 4754 culpanrinﬁdelitatis.
1575 4669 1689 4728 Hac
1719 4677 1918 4754 quippe
2025 4673 2171 4754 sinit,
2192 4671 2447 4754 miracula
2481 4669 2838 4754 laudaverint,
2867 4678 2970 4723 etc.
3026 4740 3059 4754 Δ.
3141 4741 3153 4750 ⁶
3408 4742 3438 4754 Α.

324 4742 590 4801 ἐθιιιριιιὶει
612 4755 820 4816 gentes,
847 4763 968 4823 quae
990 4742 1186 4801 Christi
1217 4745 1374 4823 fidem
1400 4743 1917 4823 nondumprofessa:
2102 4742 2175 4814 (li)
2239 4742 2370 4823 gula
2393 4783 2428 4823 ,.
2471 4743 2721 4823 virtutem
2773 4742 3220 4823 resurrectionis“,
3271 4742 3612 4799 curationum

325 4825 502 4882 erant,
535 4809 640 4871 non
670 4809 892 4872 excusat
920 4817 988 4872 ab
1017 4819 1161 4872 omni
1187 4809 1725 4895 ettlpa,_scd_a_culi>a
1757 4815 1909 4895 dum-
2023 4809 2202 4895 opera.
2239 4812 2374 4895 'I‘um
2418 4813 2468 4894 in
2493 4828 2646 4895 mss;
2667 4811 2847 4895 Rom.,
2880 4809 3054 4895 (ΣθΙΙ).Δ
3075 4821 3129 4865 et
3173 4810 3361 4894 (ξω-ἰὴ,
3390 4823 3438 4866 et
3472 4830 3605 4895 cott-

325 4897 470 4941 luxui
515 4888 855 4958 inﬁdelitatis.
896 4904 956 4943 ea
999 4883 1289 4953 nimirum,
1311 4887 1396 4958 cui
1440 4885 1688 4958 Christus
1719 4887 1911 4940 asserit
2021 4885 2338 4958 demnantcs,
2367 4883 2454 4954 qui
2473 4883 2749 4958 justi/icati
2779 4898 2881 4936 non
2909 4892 3072 4937 erant.
3099 4884 3316 4939 omissis
3335 4885 3611 4940 vocabulis

324 4959 547 5034 minime
572 4956 838 5034 obnoxios
858 4958 1070 5034 futuros
1112 4959 1276 5034 fuisse
1306 4957 1616 5034 Judmos,_si
1654 4956 1771 5034 ipse
1800 4971 1904 5011 non
2017 4973 2108 5034 per
2132 4956 2306 5034 ﬁdem.
2766 5022 2776 5034 .
2807 5025 2817 5034 '

327 5032 587 5085 venissa.
620 5030 745 5085 Illas
783 5031 893 5084 vult
938 5031 1047 5083 sine
1075 5031 1286 5108 crimine
1317 5029 1618 5108 voluntatis,
1659 5022 1761 5108 hoc
1801 5037 1906 5108 est,
2018 5022 2027 5025 ⁷
2203 5027 2404 5108 In_ms.
2447 5025 2631 5093 Rom.,
2669 5022 2991 5078 multimoda.
3037 5024 3092 5079 In
3145 5023 3299 5081 Colb.
3334 5035 3390 5082 ct
3417 5025 3606 5096 Carn.,

324 5100 440 5178 ejus
472 5102 929 5178 voltt_t_ttatis,_qua3
954 5101 1256 5178 praedicata:
1285 5100 1386 5154 sibi
1416 5099 1538 5153 fidei
1569 5100 1913 5178 pertinaciter
2013 5097 2331 5178 multimodis.
2485 5167 2498 5178 _
2531 5167 2569 5178 ,ι
2841 5167 2854 5178 ι

323 5167 550 5252 resistit.
576 5173 698 5252 Illoc
723 5167 1030 5252 enimap‘ud
1056 5172 1315 5252 Ililarium
1342 5179 1500 5252 sonat
1519 5167 1708 5252 crimen
1728 5171 1913 5223 voluu-
2199 5168 2332 5252 Male
2359 5167 2499 5252 apud
2531 5167 2654 5222 Par.
2689 5167 2963 5237 promissa.
3092 5247 3102 5252 Δ
3140 5237 3152 5249 .
3191 5241 3210 5252 Δ

325 5246 465 5309 tatis,
505 5245 831 5298 voluntatem
872 5238 942 5297 in'
965 5243 1106 5297 malo
1137 5243 1484 5305 obstinatam,
1523 5251 1573 5295 et
1611 5257 1728 5310 quze
1759 5255 1910 5294 com-
2091 5238 2164 5310 (ε)
2197 5238 2326 5310 mss.
2359 5238 2444 5310 hic
2473 5253 2668 5308 magno
2693 5252 2984 5310 consensu.
3017 5238 3414 5310 Ραιάδῖαπιίίίιε·

324 5308 493 5383 portae
518 5315 729 5369 veritati
761 5330 1092 5386 nequaquam
1121 5314 1284 5394 cedit.
1312 5312 1524 5394 Juverit
1554 5308 1668 5366 haec
1706 5311 1915 5394 Attgttsf
2026 5380 2048 5394 ⁸
2097 5308 2164 5391 (ί)
2193 5308 2370 5394 Editio
2398 5308 2519 5362 Par.
2549 5323 2670 5394 cum
2698 5309 3083 5394 aliqttot_rnss._,
3109 5308 3433 5394 desponsata.
3459 5310 3610 5394 frte-

327 5379 422 5439 iini
455 5386 630 5442 verbis
663 5379 935 5441 illustrare
955 5379 1018 5440 'et
1043 5384 1383 5464 confirmare:
1411 5382 1502 5437 Sic
1531 5392 1712 5437 autem
1754 5379 1916 5464 habet
2023 5380 2246 5436 ferimus
2271 5379 2526 5464 desponsa
2548 5393 2670 5464 cum
2700 5379 2834 5464 aliis
2853 5379 2981 5464 edit.
3022 5387 3078 5464 et
3108 5379 3238 5433 mss.
3269 5379 3343 5434 Ita
3375 5383 3428 5435 in
3461 5381 3603 5464 lfsal.

324 5458 482 5525 epist.
516 5471 733 5522 cxcxrv,
780 5473 831 5511 n.
872 5456 943 5510 Ἥ
976 5474 987 5508 :
1024 5455 1319 5533 Secundum
1360 5454 1493 5506 lianc
1537 5453 1912 5533 excusationem
2023 5465 2261 5533 cxxxvtt,
2295 5467 2349 5502 n.
2377 5450 2435 5532 8ἶ
2466 5449 2738 5533 C_hristuttt
2784 5449 2906 5531 ideo
2939 5453 3603 5533 sponsumrognominari

324 5519 695 5582 inexcusabiles
717 5519 838 5582 dicit
861 5528 1133 5595 Scriptura
1157 5526 1329 5578 divina
1345 5539 1683 5602 quoscumque
1703 5525 1915 5602 scientes
2019 5531 2320 5602 enarratur,
2350 5522 2470 5602 quia
2503 5519 2816 5602 Ecclesia_ei
2839 5535 2934 5602 per
2963 5519 3385 5602 assumptioném
3413 5537 3607 5602 corpo-

325 5615 536 5666 peccare
563 5599 833 5653 convincit.
864 5598 957 5652 Dei
984 5590 1155 5671 tamen
1177 5590 1376 5671 justum
1404 5590 1665 5671 judicium
1691 5609 1780 5648 nec
1811 5595 1915 5648 illis
2020 5595 2096 5649 ris
2121 5593 2290 5671 nostri
2326 5593 2576 5658 desponsa
2614 5593 2698 5671 sit.
2731 5590 2867 5671 Tum
2900 5590 2964 5671 Ill
2994 5604 3124 5671 mss.
3155 5593 3392 5671 Colb._et
3418 5594 3606 5671 Carm,

326 5660 492 5738 parcit
517 5672 604 5740 qui
641 5687 742 5724 non
774 5670 1067 5745 audierunt.
1103 5660 1422 5745 Quicumque
1451 5665 1558 5745 sine
1588 5666 1698 5735 lege
1734 5681 1912 5745 pecco.
2017 5663 2378 5745 coniunctione
2399 5677 2546 5745 ,‘non
2579 5662 2893 5745 conjunctio:
2926 5660 3148 5745 Exinde.
3161 5664 3424 5745 praedicta
3441 5664 3606 5718 editio

326 5731 660 5804 verunt,'sine
689 5743 795 5812 lege
820 5731 1133 5818 peribunt...
1155 5739 1275 5818 quia
1302 5731 1355 5818 et.
1383 5737 1494 5818 ipsa
1528 5731 1824 5818 ignorantia
1863 5737 1916 5818 in
2020 5735 2157 5817 spla,
2179 5735 2292 5804 jam
2330 5736 2552 5818 perfecta
2583 5731 2815 5818 ItalieIur.
2847 5731 2960 5818 Non
2989 5731 3602 5818 diSplieeretoltabentur,

327 5814 420 5877 eis,
454 5815 540 5882 qui
564 5804 844 5883 iutelliflere
867 5804 1296 5877 noluerunt,'sine
1321 5804 1636 5863 dubitatione
1656 5816 1914 5879 peccatum
2020 5807 2066 5861 si
2105 5821 2227 5861 cum
2273 5804 2590 5861 auctoritate
2635 5804 2840 5860 liceret.
2886 5806 3216 5874 Quamquam
3253 5807 3416 5862 etiam
3467 5805 3602 5862 infra
