4222 6262
647 382 782 438 1043

1857 378 2097 434 ΞᾹΝΟΪΙ
2128 378 2379 432 ΗηοΑΜΙ
2408 377 2712 431 EPISCOPI

3797 379 3937 434 10H

648 508 734 554 utr
765 500 815 552 in
843 497 1078 552 Christo.
1115 496 1182 550 Et
1209 498 1258 550 in
1294 495 1396 550 hoc
1426 495 1644 566 quidem
1671 495 1792 552 loco
1823 497 2236 552 admonebitnus
2262 493 2317 556 Δ
2338 492 2513 547 lendis
2541 491 2843 546 hominibus
2875 491 3162 560 plurimum
3188 493 3320 544 artis
3353 492 3556 548 habere
3577 491 3743 546 enicat
3765 494 3935 547 simn-

650 604 742 656 ita,
773 598 834 645 ut
873 600 921 644 et
957 589 1009 642 in
1047 588 1327 657 superiore
1355 587 1492 658 (cap.
1534 603 1646 653 XIX,
1680 603 1732 642 η.
1763 588 1819 655 2)
1852 590 1938 643 ubi
1970 589 2040 644 de
2071 603 2234 658 repu-

646 682 720 737 dii
749 680 1064 738 conditione
1101 688 1386 735 tractaturo
1419 687 1537 744 est,
1571 680 1856 749 diligenter
1894 697 2016 751 qua:
2044 681 2113 736 de
2152 696 2237 734 ra-

646 775 794 829 tione
841 773 1256 829 resurrectionis
1293 771 1590 842 signiﬁcata
1631 781 1758 826 sunt
1795 773 2062 836 contueri,
2099 781 2154 826 et
2185 771 2236 825 id

643 867 787 938 quod
810 866 908 920 sub
938 880 1164 934 persona
1194 864 1327 919 Adae
1347 865 1412 919 ad
1435 865 1605 919 Evam
1635 865 1838 919 dictum
1869 876 1972 930 est,
1998 864 2122 936 quia
2151 879 2240 918 sa-

640 972 978 1018 cramentum
1022 975 1272 1031 magnum
1315 961 1421 1025 sit,
1463 973 1532 1014 ne
1590 959 1858 1016 incuriose
1902 959 2240 1029 relinquatur

644 1053 861 1127 (Ephrs.
891 1051 944 1117 5,
979 1052 1090 1122 5'2).

711 1146 767 1200 4.
802 1145 950 1200 Missi
975 1147 1042 1200 ad
1068 1145 1387 1204 incitandum
1408 1143 1705 1215 qui—Qui
1733 1154 1914 1199 autem
1944 1143 2241 1198 admonen-

644 1251 731 1296 tur
757 1249 816 1295 ut
843 1241 1063 1294 veniant
1083 1238 1299 1305 (Matth.
1333 1254 1466 1301 χχιι,
1491 1239 1571 1308 5),
1602 1237 1808 1291 invitati
1831 1244 1988 1291 antea
2013 1235 2243 1305 papulus

642 1331 807 1388 Israel
845 1341 929 1386 est
963 1349 975 1385 :
1009 1329 1065 1384 in
1107 1329 1335 1399 gloriam
1371 1328 1520 1382 enim
1561 1327 1882 1383 aeternitatis
1929 1341 2026 1394 per
2066 1325 2242 1394 legem

647 1431 732 1481 cst
776 1422 1089 1476 advocatus.
1133 1419 1285 1476 Servi
1329 1419 1500 1485 missi,
1536 1418 1628 1488 qui
1668 1416 1922 1472 invitatos
1965 1423 2242 1480 vocarent,

645 1516 878 1588 apostoli
907 1524 1074 1570 sunt:
1105 1531 1292 1569 eorum
1324 1514 1468 1570 enim
1500 1521 1619 1568 erat
1654 1511 1965 1582 proprium,
2004 1523 2246 1564 commo-

646 1613 898 1668 nefacere
935 1624 1032 1668 eos
1059 1623 1195 1681 quos
1225 1609 1388 1680 7'79
1411 1607 1769 1662 invitaverant
1809 1604 2109 1676 prophetae.
2141 1601 2244 1669 Qui

647 1723 775 1761 vero
808 1707 1001 1760 iterum
1025 1719 1148 1759 cum
1181 1708 1577 1771 praeceptorum
1601 1697 1912 1754 conditione
1937 1696 2244 1761 mittuntur,

645 1797 930 1867 apostolici
967 1804 1092 1850 sunt
1125 1795 1200 1865 (α)
1240 1794 1338 1847 viri
1383 1802 1437 1847 et
1479 1805 1822 1846 successores
1854 1791 2244 1860 apostolorum.

2343 585 2492 647 latio,
2529 601 2650 654 qtne
2680 585 2726 640 si
2758 601 2856 640 nos
2886 587 2966 639 vel
2998 591 3209 640 secreto
3237 584 3434 641 mentis
3459 584 3674 649 alienae,
3707 586 3785 640 vel
3804 587 3938 640 sitn-

2346 677 2587 746 plicitate
2612 676 2798 746 judicii
2837 678 3010 732 nostri
3053 676 3322 738 fefellerit,
3357 682 3538 730 tamen
3571 675 3739 731 Deum
3770 677 3942 734 latere

2343 785 2450 825 non
2478 771 2648 839 possit
2675 787 2692 826 :
2721 770 2842 824 ideo
2874 771 3147 838 ingressus
3171 771 3310 822 Deus
3335 770 3505 824 felicis
3533 773 3946 828 resurrectionis

2344 863 2500 917 istius
2526 872 2750 926 emtum,
2781 874 2835 918 et
2880 864 3151 916 hominem
3191 865 3598 919 accumbentem
3646 866 3766 920 sine
3806 881 3946 933 nup-

2347 956 2459 1010 tiali
2481 966 2630 1010 veste
2649 955 3014 1026 conspiciens,
3044 955 3339 1026 interrogat
3357 955 3628 1026 quomodo
3649 956 3723 1010 sit
3742 957 3951 1027 ingres-

2343 1062 2439 1102 sus
2464 1048 2482 1117 (
2503 1049 2536 1116 Ῡ
2563 1049 2676 1113 II).
2707 1047 2979 1117 Numquid
3009 1047 3406 1102 imitandorum
3427 1047 3671 1102 habitum
3697 1049 3950 1118 designa-

2347 1141 2531 1195 verat?
2573 1140 2777 1195 Deinde
2813 1155 2938 1193 cum
2984 1139 3196 1194 invitari
3234 1154 3606 1208 quoscumque
3647 1141 3944 1208 jussisset;

2347 1231 2618 1304 quomodo
2642 1247 2780 1286 unus
2809 1232 3057 1287 omnibus
3083 1243 3294 1299 poterat
3314 1247 3435 1287 esse
3465 1233 3725 1288 vestitu»?
3751 1233 3860 1287 Aut
3901 1235 3951 1290 si

2347 1335 2527 1380 certus
2555 1339 2622 1379 ex
2660 1322 3051 1379 consuetudine
3081 1324 3481 1377 convivantium
3515 1323 3569 1376 in
3601 1325 3801 1394 nuptiis
3845 1323 3954 1380 hac

2349 1417 2491 1471 bitus
2533 1431 2652 1472 esse
2695 1419 2934 1472 soleret:
2985 1423 3041 1470 et
3077 1415 3146 1470 ab
3190 1416 3542 1471 invitantibus
3582 1433 3648 1472 ac
3690 1417 3956 1472 ministris

2348 1509 2609 1578 potuisset
2655 1506 2906 1562 inhiberi.
2957 1506 3063 1562 Sed
3103 1507 3227 1576 quia
3271 1509 3443 1562 malos
3487 1508 3792 1578 intelligere
3840 1524 3956 1565 non

2349 1599 2587 1654 omnium
2619 1605 2723 1661 est,
2766 1609 2820 1653 et
2851 1597 3087 1654 humana
3117 1599 3435 1668 simplicitas
3474 1598 3697 1656 diﬂicile
3715 1600 3953 1656 fraudu-

2349 1692 2568 1747 lentiam
2596 1693 2861 1747 simulata}
2891 1695 3087 1746 mentis
3116 1693 3395 1764 intelligit;
3427 1694 3630 1750 idcirco
3657 1695 3803 1751 hunc
3833 1711 3956 1752 ma-

2353 1785 2462 1838 lum
2492 1793 2548 1838 et
2588 1783 2861 1854 indignum
2907 1792 3052 1840 cwtu
3093 1785 3317 1854 nuptiali
3353 1786 3490 1840 Deus
3531 1786 3680 1842 solus
3719 1788 3954 1844 invenit.

645 1889 807 1943 Tauri
837 1897 1015 1942 mitem
1044 1885 1296 1955 saginati,
1317 1883 1552 1953 gloriosa
1578 1889 1874 1954 martyrum
1905 1882 2115 1950 species
2136 1890 2242 1944 est,
2275 1879 2323 1940 B
2351 1876 2515 1948 780
2559 1875 2795 1930 Vestitus
2843 1885 3019 1930 autent
3064 1878 3316 1946 nuptialis
3361 1887 3445 1932 est
3489 1879 3653 1947 gloria
3703 1881 3948 1949 Spiritus

643 1981 734 2049 qui
762 1976 1092 2035 conticesioni
1120 1976 1239 2037 Dei,
1273 1986 1544 2044 tamquam
1573 1974 1751 2028 hostia
1775 1973 1970 2037 electa,
2004 1973 2115 2026 sint
2143 1973 2245 2027 im-

648 2073 854 2131 molati.
891 2072 1142 2141 Saginata
1173 2083 1300 2123 vero
1327 2067 1552 2138 (supple,
1590 2067 1808 2136 hostia),
1841 2073 1969 2120 sunt
1998 2065 2246 2122 homines

642 2166 1212 2237 spiritales,tamquam
1225 2162 1434 2218 cteiesti
1451 2174 1588 2230 pane
1601 2159 1668 2215 ad
1688 2158 2011 2214 evolandum
2029 2157 2103 2230 (b)
2119 2171 2249 2213 aves

650 2269 839 2330 pastae.
869 2268 1097 2313 emeres
1126 2255 1332 2323 accepti
1373 2253 1483 2308 cibi
1521 2253 1764 2308 ubertate
1799 2252 2116 2322 expletat-ae.
2154 2251 2249 2306 liis

646 2354 793 2407 enim
828 2349 1078 2404 omnibus
1113 2348 1225 2416 jam
1258 2348 1458 2417 paratis
1478 2387 1494 2412 ,
1524 2356 1582 2402 et
1611 2346 1665 2400 in
1696 2361 1979 2402 numerum
2004 2345 2248 2414 compla-

641 2443 763 2498 cine
792 2442 901 2496 Deo
932 2438 1293 2494 multitudinis
1316 2436 1584 2502 collectis,
1619 2435 1773 2506 regni
1801 2434 2042 2492 caelestis
2071 2435 2246 2506 gloria

644 2539 919 2602 tamquam
947 2531 1148 2600 nuptite
1178 2529 1511 2584 nuntiantur.

720 2627 774 2681 5.
828 2625 1098 2692 Quomodo
1133 2624 1329 2694 excepti
1368 2639 1431 2676 ac
1469 2620 1790 2677 vindicandi.
1820 2650 1893 2660 —
1917 2619 2023 2676 Sed
2054 2635 2244 2675 eorum

645 2729 865 2790 qunque
891 2717 1317 2774 admonitionem
1346 2718 1418 2773 ita
1457 2717 1828 2787 neglexerunt,
1863 2723 1925 2770 ut
1952 2715 2118 2784 aliqui
2145 2729 2244 2770 eo-

645 2828 764 2866 rum
793 2811 1087 2865 ambitione
1116 2811 1294 2864 sirculi
1326 2817 1599 2878 tamquam
1641 2823 1770 2876 agro
1798 2818 2191 2876 occuparentur
2223 2825 2238 2862 :

644 2903 829 2974 plures
859 2914 988 2958 vero
1019 2903 1087 2957 ob
1119 2901 1360 2970 pecuniae
1387 2900 1733 2971 cupiditatem
1759 2900 2119 2968 negotiatione
2148 2899 2242 2953 de-

646 2997 949 3049 tinerentur
995 2991 1159 3061 (Ibid.
1194 2992 1273 3063 5).
1316 2990 1510 3048 Cancri
1560 2999 1738 3045 autem
1788 2992 1984 3046 missos
2026 3005 2238 3057 servos,

645 3088 788 3158 quod
815 3089 865 3141 in
898 3088 1028 3156 ipsis
1051 3087 1312 3156 apostolis
1340 3084 1616 3155 expletum
1645 3091 1750 3147 est,
1778 3082 1998 3137 alfectos
2025 3081 2241 3150 injuriis

643 3179 960 3234 occiderunt
984 3180 1002 3250 (
1022 3180 1057 3247 γ
1081 3178 1160 3250 6).
1187 3178 1294 3233 Sed
1322 3187 1428 3232 tam
1459 3178 1710 3232 immanis
1742 3176 1868 3230 iacti
1896 3175 2076 3231 scelus
2105 3175 2237 3230 ultio

2348 1969 2542 2033 sancti,
2574 1976 2628 2020 et
2655 1967 2861 2021 candor
2903 1967 3115 2022 habitus
3142 1969 3382 2024 caelestis
3419 1987 3432 2023 :
3467 1970 3556 2040 qui
3586 1972 3735 2026 bonae
3762 1973 3946 2026 inter-

2349 2057 2643 2128 rogationis
2689 2058 3034 2114 confessione
3083 2065 3388 2129 susceptus,
3433 2077 3600 2132 usque
3647 2063 3697 2115 in
3743 2073 3960 2121 coetum

2349 2153 2500 2220 regni
2552 2151 2814 2206 castorum
2854 2152 3234 2207 immaculato:
3268 2161 3327 2207 et
3374 2155 3582 2225 integer
3620 2165 3958 2214 reservetur.

2352 2243 2452 2298 Hic
2492 2246 2675 2314 itaque
2717 2244 2941 2310 tollitur,
2976 2256 3030 2299 et
3061 2247 3114 2299 in
3155 2246 3455 2302 exteriores
3495 2248 3746 2303 tenebas
3783 2250 3961 2304 mitti-

2355 2347 2460 2402 tur,
2493 2340 2620 2408 quia
2648 2338 2802 2392 multi
2829 2339 2997 2392 vocati
3027 2348 3173 2406 sunt,
3217 2349 3272 2394 et
3308 2340 3463 2410 pauci
3489 2339 3848 2410 electius“.
3890 2343 3960 2398 13

2352 2442 2400 2487 et
2428 2431 2540 2502 14).
2575 2431 2692 2488 Non
2719 2441 2804 2488 est
2829 2433 2992 2503 igitur
3029 2435 3270 2504 paucitas
3300 2435 3352 2490 in
3392 2435 3656 2501 invitatis,
3685 2437 3782 2493 sed
3811 2439 3961 2492 rari-

2351 2535 2434 2580 tas
2465 2526 2517 2580 in
2545 2525 2734 2582 electis
2767 2541 2780 2578 2
2810 2526 2933 2597 quia
2965 2526 3016 2582 in
3049 2526 3312 2583 invitante
3352 2529 3468 2585 sine
3498 2531 3819 2599 exceptione
3849 2546 3960 2601 pn-

2349 2617 2504 2673 blicai
2555 2617 2808 2672 bonitatis
2849 2618 3154 2673 humanitas
3191 2628 3306 2687 est;
3357 2621 3410 2675 in
3461 2622 3700 2678 invitatis
3725 2638 3862 2679 vero
3891 2623 3963 2680 de

2343 2709 2536 2780 judicii
2562 2710 2758 2768 merito
2786 2710 3071 2780 probitatis
3098 2711 3291 2768 electio
3322 2721 3426 2768 est.

2917 2841 3147 2904 CAPUT
3181 2847 3374 2903 XXIII.

2349 2963 2428 3021 De
2454 2964 2641 3019 tributo
2671 2973 2718 3017 et
2748 2961 2971 3035 imagine
3006 2962 3224 3018 Cwsaris
3244 3005 3258 3028 ,
3291 2963 3354 3017 de
3396 2959 3572 3018 eadem
3604 2974 3794 3034 septem
3841 2970 3964 3037 fra-

2416 3070 2550 3113 trum
2574 3075 2753 3124 uxore,
2779 3059 2842 3111 de
2871 3057 3128 3111 mandatis
3160 3051 3396 3111 maximis
3416 3101 3430 3125 ,
3457 3056 3519 3110 de
3547 3055 3716 3111 David
3741 3059 3882 3127 filio.

2418 3177 2470 3230 I.
2505 3174 2651 3228 Tunc
2679 3174 2910 3228 abierunt
2954 3171 3237 3237 Pharisaei,
3283 3183 3330 3226 et
3353 3173 3625 3227 consilium
3668 3178 3909 3246 fecerunt
3937 3216 3956 3244 ,

650 3273 812 3341 digna
840 3273 1209 3342 consequitur.
1241 3272 1384 3326 Missi
1424 3271 1695 3326 exercitus
1730 3273 1984 3326 cmlestes
2022 3283 2238 3326 omnem
2267 3251 2314 3316 Ο
2346 3277 2402 3323 ut
2427 3285 2544 3322 eum
2565 3275 2802 3336 caperent
2824 3266 2878 3319 in
2907 3265 3054 3319 verba
3078 3304 3092 3329 ,
3122 3273 3228 3320 etc.
3259 3264 3477 3335 (Matth.
3499 3281 3640 3332 χιιι,
3674 3267 3785 3333 16).
3815 3267 3962 3323 Fre-

646 3381 832 3421 eorum
861 3365 1330 3434 congregationem
1350 3364 1552 3434 judicio
1583 3367 1674 3420 Dei
1708 3373 1896 3428 orent.
1929 3374 1984 3420 et
2012 3365 2244 3422 ﬂammis

645 3456 832 3510 aeterni
867 3455 1002 3524 ignis
1031 3455 1360 3508 succentlent
1382 3462 1399 3523 (
1424 3457 1457 3523 Ῡ
1481 3455 1567 3526 7);
1590 3456 1713 3524 quia
1739 3467 1928 3511 cotitra
1954 3456 2027 3527 (c)
2052 3457 2242 3511 huma-

645 3547 828 3601 nitatis
853 3544 1127 3609 aﬂ'ectum,
1160 3544 1549 3600 homicidarum
1583 3546 1719 3599 odiis
1745 3547 2058 3604 smvierunt.
2191 3531 2202 3538 κ

716 3638 768 3691 ii.
818 3636 1054 3690 Gentium
1093 3637 1314 3690 sotatio.
1357 3634 1570 3690 I’ocatio
1611 3635 1767 3690 bonos
1805 3637 1954 3706 allicit
1992 3648 2241 3706 quantum

644 3745 709 3786 es;
735 3747 788 3784 se
811 3739 908 3783 est.
937 3757 1007 3769 -ο
1029 3729 1292 3797 Quoniam
1319 3745 1449 3784 vero
1479 3729 1548 3785 de
1580 3729 1770 3799 judicii
1801 3740 2041 3800 tempore
2069 3743 2124 3786 et
2153 3749 2240 3788 re-

641 3823 996 3878 surrectionis
1046 3824 1146 3878 ista
1199 3822 1456 3891 loquitur,
1506 3837 1814 3878 sermonem
1865 3825 2116 3880 eumdem
2169 3828 2238 3884 ad

641 3917 1112 3985 congregationem
1138 3916 1378 3984 gentium
1400 3915 1600 3970 retulit.
1627 3913 1867 3982 Indignis
1889 3917 2033 3970 enim
2058 3933 2240 3986 repert-

639 4007 710 4061 tis
741 4006 849 4074 bis,
877 4009 966 4076 qui
999 4006 1155 4077 primi
1188 4006 1398 4062 invitati
1424 4009 1665 4078 fuerant,
1694 4007 1847 4076 jubet
1875 4009 1938 4062 iri
1966 4009 2030 4063 ad
2057 4014 2236 4067 exitus

639 4098 846 4152 viarum
879 4097 950 4170 (ᾖ
973 4097 1051 4168 9).
1091 4099 1240 4152 Dono
1269 4100 1412 4153 enim
1434 4099 1642 4168 gratiae,
1671 4100 1793 4152 vita:
1819 4102 2108 4155 anterioris
2133 4101 2238 4155 cri-

641 4189 785 4244 mina
824 4189 905 4261 (ά)
949 4190 1288 4244 omittuntur.
1327 4188 1459 4244 Nam
1498 4191 1797 4261 smplsslme
1838 4193 1977 4247 viam
2022 4200 2236 4263 tempus

640 4279 822 4336 saeculi
862 4280 1265 4350 intelligendam
1305 4275 1628 4337 monuimus.
1663 4278 1838 4352 Atque
1870 4283 1992 4338 ideo
2022 4285 2088 4339 ad
2119 4285 2236 4340 citi-

641 4380 726 4425 tus
754 4372 964 4424 viarum
991 4371 1248 4438 jubentur
1272 4371 1382 4436 ire;
1412 4371 1534 4440 quia
1559 4375 1811 4427 omnibus
1841 4383 2107 4430 retroacta
2137 4367 2235 4430 do-

640 4473 855 4518 nantur.
892 4461 1085 4518 Vocati
1114 4463 1311 4518 deinde
1341 4475 1532 4518 omnes
1560 4463 1677 4520 sine
1708 4467 1881 4536 aliqua
1909 4471 2231 4540 exceptione

637 4555 704 4609 ad
749 4551 962 4625 nuptias
1003 4543 1173 4625 jubet,
1209 4553 1278 4627 (ρ)
1312 4561 1366 4609 et
1419 4555 1543 4610 mali
1575 4553 1735 4612 simul
1774 4573 1896 4614 eum
1945 4559 2100 4617 bonis
2131 4573 2227 4618 ve-

2345 3370 2576 3432 qnenter
2599 3359 2856 3416 Pharisaei
2885 3367 3328 3420 commoventur.
3359 3367 3417 3414 et
3439 3361 3780 3416 occasionem
3812 3362 3955 3416 insi-

2347 3453 2582 3510 mulandi
2610 3467 2735 3507 eum
2762 3452 2962 3506 habere
2987 3467 3054 3506 ex
3084 3451 3378 3520 prmteritis
3423 3468 3530 3506 non
3563 3463 3824 3522 possunt:
3857 3471 3958 3507 ca-

2343 3547 2474 3604 dere
2498 3546 2643 3600 enim
2675 3545 2860 3599 vitium
2892 3545 2943 3598 in
2968 3556 3120 3615 gesta
3141 3546 3258 3614 ejus
3284 3555 3337 3600 et
3367 3545 3507 3600 dicta
3557 3562 3664 3600 non
3694 3557 3939 3616 poterat.

2341 3640 2447 3696 Sed
2473 3639 2540 3696 de
2580 3639 2798 3694 malitiae
2827 3638 3022 3694 aﬂ‘ectu
3058 3639 3109 3694 in
3171 3654 3386 3695 onmem
3429 3655 3492 3696 se
3537 3641 3955 3711 inquisitionem

2344 3730 2677 3802 reperiendae
2699 3731 3059 3786 accusationis
3078 3730 3399 3786 extendunt.
3430 3731 3671 3800 Namque
3697 3749 3725 3784 τι
3751 3734 3950 3787 saeculi

2344 3823 2488 3877 vitiis
2515 3837 2678 3892 atque
2720 3838 2749 3874 ιι
2791 3822 3266 3890 superstitionibus
3314 3822 3670 3878 humanarum
3718 3824 3956 3894 religio-

2343 3930 2470 3972 num
2500 3915 2782 3969 universos
2810 3913 2876 3969 ad
2907 3929 3058 3984 spem
3107 3916 3256 3984 regni
3287 3915 3524 3970 ccclesiis
3562 3914 3809 3972 vocabat.
3838 3915 3956 3986 Igi-

2342 4015 2429 4062 tur
2451 4022 2516 4059 an
2548 4007 2774 4062 violaret
2797 4007 2980 4060 saeculi
3022 4015 3378 4076 potestatem,
3402 4005 3473 4062 de
3512 4006 3801 4078 propositre
3855 4009 3948 4062 in—

2343 4097 2719 4167 terrogationis
2767 4097 3075 4152 conditiOne
3143 4105 3476 4167 pertentant:
3535 4115 3600 4150 an
3674 4098 3940 4154 videlicet

2339 4191 2488 4247 reddi
2509 4191 2762 4246 tributum
2785 4189 2981 4244 Caesari
3005 4199 3278 4260 oporteret
3323 4190 3396 4261 (ᾗ
3438 4190 3564 4262 I7)?
3594 4191 3694 4256 Qui
3723 4192 3947 4248 interna

2339 4281 2719 4354 cogitationum
2753 4292 2962 4336 secreta
3004 4289 3338 4352 cognoscens
3391 4284 3556 4349 (Deus
3603 4283 3747 4336 enim
3799 4284 3947 4339 nihil

2339 4393 2444 4432 non
2473 4391 2660 4431 eorum
2687 4390 2806 4444 qua:
2847 4373 2985 4428 intra
3019 4369 3267 4429 homines
3299 4382 3422 4428 sunt
3451 4373 3711 4429 absconsa
3741 4389 3948 4444 specu.

2336 4467 2524 4540 lator),
2557 4467 2739 4523 sli'errl
2774 4467 3178 4524 sibidenarium
3205 4466 3399 4535 jussit,
3430 4479 3480 4521 et
3503 4467 3751 4537 quesivit
3779 4468 3948 4536 cujus

2335 4571 2388 4617 et
2416 4560 2692 4630 inscriptio
2714 4566 2858 4613 esset
2901 4563 2955 4612 et
3002 4559 3168 4612 turma
3217 4557 3291 4629 (Ῡ
3338 4557 3403 4611 tu
3431 4563 3488 4612 et
3515 4558 3626 4626 19).
3663 4557 3936 4614 Pharisaei

635 4645 789 4700 niunt
819 4637 890 4718 (ἓ
930 4643 1039 4715 id).
1072 4643 1294 4700 Vocatio
1323 4645 1541 4717 quidetn
1574 4646 1743 4703 bonos
1777 4647 1993 4707 efﬁcere
2018 4653 2224 4709 debue-
2255 4631 2309 4696 D
2334 4654 2733 4725 restionderunt
2757 4694 2772 4718 ,
2796 4651 3028 4706 Cmsaris
3071 4667 3192 4706 eam
3224 4666 3366 4707 esse.
3399 4651 3608 4718 Quibus
3654 4652 3729 4705 ait
3775 4651 3947 4708 τεκ-

631 4751 736 4803 rat,
766 4738 887 4808 quia
929 4748 1111 4792 sancta
1153 4750 1229 4793 eat
1255 4781 1270 4805 ,
1303 4749 1357 4794 et
1395 4755 1460 4794 ex
1489 4740 1693 4810 optimo
1718 4742 1910 4798 aii‘ertu
1951 4746 2227 4806 invitantis

630 4826 872 4899 profecta
899 4831 982 4884 est
1017 4846 1032 4885 :
1064 4827 1157 4884 sed
1191 4845 1287 4899 per
1312 4831 1498 4891 vitium
1533 4831 1891 4890 luetncndatu:
1929 4837 2225 4898 voluntatis

631 4922 923 4977 discrimen
952 4934 1035 4976 est
1063 4933 1398 4977 vocaturum.

701 5017 756 5070 7.
789 5014 912 5070 Non
942 5018 1170 5071 omnium
1200 5027 1273 5071 est
1303 5034 1450 5072 nosse
1476 5019 1659 5074 malos.
1691 5051 1764 5060 —
1790 5021 1859 5076 Et
1881 5024 2000 5093 quia
2032 5025 2086 5080 in
2115 5025 2224 5082 fal-

620 5167 741 5218 cap.
770 5167 1021 5226 xxvn,__n.
1050 5149 1104 5213 4,
1134 5152 1220 5226 ubi
1250 5165 1336 5206 res
1359 5151 1547 5206 eadem
1576 5169 1787 5208 rursum
1815 5165 2096 5226 tractatur,
2131 5163 2211 5218 le-

619 5237 750 5292 gere
787 5234 868 5294 est
900 5221 1090 5275 :Is'rant
1130 5223 1264 5276 enim
1306 5226 1455 5277 ambo
1495 5241 1675 5292 unum,
1720 5241 1847 5294 nun,
1897 5240 2017 5285 sunt
2053 5221 2207 5287 enim.

616 5295 735 5360 Quo
763 5308 826 5346 ex
857 5293 974 5346 loco
1001 5294 1170 5360 magis
1197 5293 1384 5362 liquet,
1409 5311 1713 5351 sermonem
1737 5293 1964 5356 hicesse
1985 5303 2052 5358 de
2077 5319 2209 5362 cun-

609 5365 908 5441 junctlone,
941 5379 1101 5441 quam
1131 5379 1254 5418 cum
1281 5368 1388 5441 Deo
1420 5364 1580 5422 habet
1605 5382 1730 5422 caro
1767 5370 1968 5426 Christi
1999 5390 2093 5441 per
2122 5375 2208 5430 in-

613 5437 817 5488 dultum
845 5435 1098 5505 gloriam,
1125 5451 1299 5505 neque
1325 5438 1410 5490 hic
1444 5442 1674 5504 spectari
1706 5443 1966 5500 unitatem
2001 5435 2211 5501 subsis-

615 5505 973 5568 tentizequam
1003 5507 1202 5560 homini
1235 5522 1333 5560 suo
1373 5507 1520 5562 dedit
1549 5510 1780 5567 Verbum
1810 5527 2028 5570 carnem
2059 5532 2212 5573 assu«

2331 4749 2438 4804 sari
2470 4741 2799 4803 redhibenda
2827 4759 2977 4808 esse.
3008 4762 3126 4816 quas
3152 4745 3381 4801 Caesaris
3411 4754 3571 4810 sunt,
3605 4739 3716 4801 Deo
3745 4755 3944 4804 autem

2329 4838 2602 4895 reddenda
2626 4850 2744 4890 esse
2765 4851 2883 4906 quae
2917 4836 3006 4890 Dei
3034 4847 3156 4891 sum
3184 4836 3202 4906 (
3224 4833 3258 4904 ᾗ
3301 4835 3438 4890 20et
3462 4836 3578 4906 21).

2399 4931 2452 4984 9..
2484 4925 2737 4984 Manlium
2761 4923 2867 4982 Deo
2893 4928 2983 4980 uni
3028 4926 3316 4980 deditorum
3344 4927 3574 4980 libertas.
3624 4925 3764 4991 Quid
3809 4925 3935 4983 Deo

2329 5024 2618 5082 debeamus.
2664 5050 2722 5060 —
2760 5019 2804 5074 0
2835 5018 3047 5091 plenam
3094 5017 3340 5074 miraculi
3381 5019 3828 5089 responsionem,
3879 5033 3942 5080 et

2395 5160 2470 5232 (ὁ)
2495 5153 2572 5212 Ita
2602 5169 2725 5210 cum
2752 5169 2848 5210 sex
2871 5168 3000 5210 mss.
3035 5149 3175 5211 Editi
3199 5169 3326 5210 vero
3346 5160 3400 5210 et
3426 5155 3628 5226 aliQuol
3651 5163 3782 5212 mss.
3808 5173 3939 5216 aves

2325 5240 2540 5304 ματαίω.

2392 5301 2464 5372 (c)
2494 5300 2610 5372 Par.
2645 5291 2971 5372 humilitatis.

2392 5359 2473 5445 id)
2518 5367 2614 5426 Ms.
2658 5369 2841 5445 liam.1
2871 5368 3192 5445 amittantur.
3226 5359 3541 5445 Pluresalii
3577 5374 3696 5444 cum
3730 5369 3932 5445 editis,

2316 5436 2667 5510 renuit-untur.
2698 5439 3038 5495 Prmferimus
3076 5454 3202 5510 cum‘
3235 5436 3633 5494 sineeriuribus’
3663 5436 3928 5498 omittith

2317 5527 2419 5572 tur.
2474 5505 2591 5566 Vim
2644 5513 2803 5575 huius
2850 5511 2997 5565 verbi
3039 5501 3335 5574 intelligere
3373 5517 3457 5565 est
3503 5525 3569 5565 ex
3616 5519 3773 5566 tract.
3823 5513 3925 5568 Ps.

2318 5601 2561 5644 cxxxvn.
2604 5601 2657 5636 n.
2701 5583 2790 5649 I7,
2823 5581 2910 5636 ubi
2956 5580 3168 5652 legitur,
3205 5579 3378 5652 Opera
3417 5593 3662 5636 manuum
3706 5589 3928 5639 tuarum

2318 5675 2418 5713 non
2449 5658 2671 5710 omittas.

2389 5729 2461 5798 (c)
2492 5728 2676 5798 Plures
2714 5737 2844 5798 mss.
2877 5719 2965 5776 hic
3015 5719 3300 5798 praeposita
3333 5721 3592 5794 particula
3627 5731 3706 5798 ut,
3734 5723 3922 5794 Subji-

2314 5785 2465 5853 ciu‘n't
2484 5793 2707 5864 veniant.
2739 5793 2854 5848 Non
2881 5785 3291 5862 sunt-probandi
3313 5785 3485 5856 [cum
3528 5808 3631 5847 non
3671 5785 3911 5864 jusserit

2313 5883 2410 5929 rex
2443 5877 2500 5925 ut
2531 5861 2662 5924 ntali
2690 5863 2928 5935 veniant,
2957 5861 3049 5940 qui
3077 5864 3242 5924 etiam
3272 5864 3546 5940 ingressos
3571 5861 3781 5944 repulit,

614 5575 924 5655 inens,_sed
954 5579 1214 5631 unitatem
1245 5578 1434 5655 gloria:
1457 5595 1616 5655 quam
1637 5583 1822 5655 eidem
1868 5587 2071 5642 homini
2105 5604 2208 5645 suo

614 5649 906 5713 impertivit
935 5659 1053 5716 p0st
1082 5650 1489 5703 resurrectionis
1513 5651 1764 5719 gloriam.

689 5769 764 5853 (α)
804 5775 866 5853 ⁵Ιιι
914 5773 1167 5836 omnibus
1212 5756 1369 5848 mss.,
1400 5779 1683 5853 Apostotici
1723 5787 1841 5844 sunt
1887 5809 2204 5852 successores

614 5843 980 5910 apostolorum.
