4222 6262
569 295 706 349 1047

1773 284 2016 342 SANCTI
2059 283 2311 340 HILARII
2355 281 2659 340 EPISCOPI

3729 277 3894 336 1048

567 405 705 476 legis
735 405 789 460 in
809 403 1030 460 Christo
1058 401 1225 457 fuisse
1270 400 1589 471 perfectam.
1645 399 1712 455 Et
1752 398 1972 470 quidem
2018 398 2165 454 insoo
2192 401 2248 462 Α
2269 399 2439 455 sortio
2469 398 2703 453 nominis
2733 399 3046 454 substantiae
3077 399 3340 453 unitatem
3363 439 3378 464 ,
3402 407 3458 454 et
3482 397 3753 454 assidendi
3783 399 3892 452 in-

569 496 796 552 lentium
849 494 1170 565 ignorantiae
1201 493 1333 563 legis
1389 492 1556 563 ipsius
1611 491 1790 547 verbis
1837 505 2164 561 responsum

572 598 688 645 est:
729 601 851 657 quae
877 585 1162 656 responsio
1191 600 1408 640 omnem
1453 584 1507 638 in
1535 599 1595 640 se
1626 584 1865 638 veritatis
1910 591 1994 638 est
2019 597 2170 637 com-

576 682 734 752 plexa
756 679 1082 735 doctrinam.
1114 677 1397 747 Pr0prium
1426 677 1573 732 enim
1605 675 1812 731 Domini
1838 674 2009 730 nostri
2040 673 2170 730 Jesu

574 775 772 830 Christi
801 773 1038 828 officium
1066 779 1150 828 est
1173 811 1189 836 ,
1236 771 1596 842 cognitionem
1630 769 1724 824 Dei
1749 766 1973 835 afferre,
2007 775 2064 822 et
2090 772 2171 822 in-

575 869 930 942 telligentiam
983 867 1218 925 nominis
1280 867 1398 937 ejus
1461 866 1849 934 potestatisque
1913 869 2174 932 praestare

578 963 672 1037 (V.
700 963 788 1018 lib.
821 979 860 1018 u
902 963 964 1017 de
1000 961 1149 1016 Trin.
1182 977 1236 1015 n.
1269 958 1389 1031 22).
1422 958 1618 1014 Missus
1647 957 1791 1012 enim
1823 962 2050 1010 venerat
2073 995 2090 1021 ,
2120 961 2177 1009 et

579 1073 647 1114 ex
677 1056 983 1111 aeternitate
1027 1054 1292 1110 deductus
1313 1094 1327 1118 ,
1380 1052 1463 1108 his
1493 1067 1615 1122 quae
1644 1059 1796 1106 erant
1829 1049 1940 1104 Deo
1979 1047 2176 1118 placita

581 1147 1019 1220 perfungehatur.
1055 1144 1358 1216 ReSpondit
1393 1143 1574 1214 itaque
1615 1142 1846 1213 primum
1876 1155 1998 1196 esse
2025 1154 2178 1195 man-

581 1242 794 1296 datum:
827 1238 1018 1311 Diliges
1067 1236 1352 1292 Dominum
1383 1237 1550 1292 Deum
1595 1248 1740 1291 tuum
1786 1236 1839 1289 in
1871 1244 1976 1290 toto
2027 1234 2182 1289 corde

590 1343 701 1396 tuo,
734 1341 781 1385 et
807 1331 859 1384 in
889 1339 996 1384 tota
1024 1331 1198 1383 anima
1230 1337 1319 1383 tua
1338 1371 1353 1396 ,
1379 1338 1427 1383 et
1457 1329 1510 1382 in
1538 1338 1643 1383 tota
1671 1337 1836 1382 mente
1859 1338 1946 1381 tua
1969 1325 2040 1398 (ᾗ
2063 1327 2176 1396 57).

590 1427 710 1482 Non
738 1425 883 1482 enim
917 1424 1061 1480 aliud
1107 1424 1198 1478 ille
1244 1423 1545 1490 efticiebat,
1575 1437 1736 1492 quam
1765 1421 1908 1491 quod
1938 1421 2024 1474 lex
2053 1434 2182 1474 con-

588 1520 824 1584 tinebat;
859 1519 980 1590 quia
1033 1523 1299 1587 praecepta
1347 1516 1479 1586 legis
1505 1557 1519 1582 ,
1567 1530 1756 1571 eorum
1785 1529 1906 1585 quae
1931 1520 2184 1583 gesturus

587 1614 702 1682 ipse
729 1618 846 1665 erat
869 1651 885 1676 ,
917 1609 1142 1663 formam
1172 1603 1690 1678 complectebantur.
1726 1607 1995 1662 Admonet
2021 1603 2186 1675 igitur

592 1701 919 1771 cognitionis
941 1701 1058 1768 ejus
1091 1742 1106 1766 ,
1158 1714 1318 1770 quam
1370 1699 1573 1754 habere
1621 1713 1697 1753 se.
1731 1693 2098 1768 gloriabantur
2131 1695 2186 1749 in

2273 491 2533 548 vitatione
2576 490 2874 561 judicium.
2927 500 2981 546 et
3019 491 3086 547 de
3123 492 3502 547 universorum
3539 492 3894 562 subjectione

2273 585 2554 649 virtutem;
2587 592 2645 638 ut
2671 585 2764 656 (al.
2801 583 2878 656 et)
2903 584 3282 640 meminissent
3308 585 3360 640 in
3391 600 3495 651 eo,
3527 584 3620 656 qui
3656 599 3723 640 ex
3771 585 3898 639 Da—

2274 678 2363 734 vid
2385 679 2680 742 oriebatur,
2707 687 2927 734 :eternte
2958 678 3170 734 virtutis
3195 687 3252 734 et
3297 679 3584 748 potestatis
3612 687 3670 734 et
3711 679 3896 749 origi-

2277 772 2362 826 nis
2385 771 2737 826 substantiam
2770 772 3034 827 contineri
3060 813 3074 838 ,
3099 782 3154 828 et
3187 772 3353 827 Deum
3383 773 3437 828 in
3467 771 3689 828 homine
3715 787 3894 828 man—

2277 880 2487 920 surum.

2849 980 3076 1038 CAPUT
3103 980 3292 1037 XXIV.

2281 1118 2361 1174 De
2388 1119 2634 1174 cathedra
2691 1119 2862 1191 Moysi
2904 1136 3058 1190 super
3103 1137 3254 1190 quant
3301 1125 3543 1176 sederunt
3591 1121 3794 1178 Scriba:
3837 1132 3900 1179 ει

2354 1213 2600 1283 pharisazi
2624 1256 2637 1278 ,
2669 1212 2732 1266 de
2757 1213 2936 1266 clauso
2963 1213 3025 1266 ab
3057 1212 3238 1267 iisdem
3266 1229 3420 1284 regno
3441 1214 3708 1281 caelorum,
3737 1225 3789 1270 et
3819 1217 3893 1271 ab

2357 1307 2538 1364 iisdem
2563 1305 2758 1359 comedi
2784 1305 2962 1358 domos
2981 1305 3272 1369 viduarum,
3297 1307 3725 1362 circumeuntibus
3746 1327 3900 1364 mare

2359 1412 2405 1456 et
2427 1399 2666 1466 aridam,
2709 1407 2755 1450 et
2801 1397 3084 1452 dicentibus
3128 1396 3789 1468 :Quicumqucjnraverit
3835 1403 3900 1456 in

2364 1490 2563 1560 templo
2591 1530 2605 1555 ,
2653 1487 2784 1541 nihil
2835 1496 2916 1541 est
2944 1529 2958 1552 ,
3011 1496 3058 1540 et
3104 1488 3472 1550 decimantibus
3528 1489 3789 1543 ment/tam
3844 1501 3902 1545 et

2361 1583 2624 1650 anethum,
2659 1591 2703 1635 et
2732 1579 3109 1650 a'diﬁcantibus
3136 1580 3373 1650 sepulcra
3402 1581 3769 1653 prophetarum
3794 1625 3810 1648 ,
3843 1595 3899 1638 et

2363 1676 2426 1730 de
2454 1675 2741 1730 Jerusalem
2769 1687 2884 1740 qua:
2905 1671 3146 1741 interﬁcit
3171 1671 3478 1743 praphetns,
3503 1682 3547 1726 et
3577 1673 3772 1743 lapidat
3805 1691 3899 1732 eos

591 1798 735 1866 lege,
771 1796 937 1848 Deum
963 1793 1391 1862 omnipotentem
1424 1791 1568 1844 omni
1597 1790 1791 1846 affectu
1815 1788 2030 1855 mentis,
2065 1804 2188 1843 cor-
2364 1771 2452 1842 qui
2483 1772 2550 1825 αά
2571 1787 2624 1824 δε
2651 1771 2792 1825 "lissi
2821 1781 2958 1825 δυητ·

589 1889 694 1955 dis,
718 1888 912 1940 anima:
935 1883 1298 1955 diligendum,
1335 1890 1392 1936 ut
1419 1881 1844 1938 admonitionem
1867 1896 2022 1936 suam
2054 1895 2191 1952 prte-

590 1979 752 2035 missa
773 1977 907 2048 legis
939 1976 1191 2031 mandata
1223 1975 1523 2029 firmarent.

663 2074 717 2126 7.
750 2070 988 2125 Proximi
1035 2069 1239 2122 nomine
1281 2068 1513 2122 Christus
1543 2067 1837 2140 diligendus
1860 2069 2092 2142 jubetur.
2123 2098 2193 2107 --

597 2164 806 2220 Deinde
828 2163 1065 2234 adjecit:
1103 2159 1220 2215 Hoc
1255 2171 1328 2215 est
1357 2177 1598 2232 magnum
1642 2169 1688 2214 et
1727 2162 1948 2230 primum
1975 2160 2193 2214 manda-

601 2267 730 2310 tum.
765 2254 1064 2311 Secundum
1092 2269 1207 2306 vero
1236 2252 1406 2306 simile
1453 2252 1570 2306 huic
1605 2269 1623 2306 :
1664 2251 1862 2323 Diliges
1904 2253 2198 2324 proximum

602 2361 748 2404 tuum
772 2351 905 2402 sicut
955 2358 1002 2402 te
1026 2349 1192 2418 ipsum
1223 2344 1271 2415 (l
1281 2345 1385 2401 bid.
1411 2345 1481 2400 58
1507 2353 1563 2400 et
1589 2342 1702 2416 59).
1726 2343 1833 2400 Sed
1887 2343 2198 2400 mandatum

597 2457 832 2511 sequens
853 2447 910 2496 et
938 2440 1115 2494 simile
1135 2438 1402 2508 significat
1430 2437 1570 2494 idem
1593 2453 1715 2494 esse
1742 2448 1795 2493 et
1824 2437 1986 2494 officii
2012 2447 2067 2494 et
2087 2454 2200 2496 me-

601 2535 692 2588 riti
721 2534 774 2588 in
798 2541 1028 2603 utroque
1057 2530 1174 2605 (Sic
1196 2547 1312 2601 cap.
1341 2531 1393 2596 4,
1431 2546 1484 2584 n.
1512 2531 1566 2591 7,
1592 2530 1734 2584 idem
1765 2530 1981 2601 poenae).
2015 2529 2202 2600 Neque

602 2628 746 2683 enim
778 2636 871 2683 aut
901 2627 1001 2682 Dei
1032 2627 1152 2681 sine
1180 2623 1422 2691 Christo,
1453 2632 1546 2678 aut
1573 2623 1775 2678 Christi
1807 2624 1925 2679 sine
1952 2623 2062 2678 Deo
2103 2638 2200 2692 po-

602 2730 710 2776 test
751 2720 894 2776 utilis
925 2734 1046 2776 esse
1085 2717 1326 2772 dilectio.
1365 2715 1612 2771 Alterum
1662 2718 1823 2787 igitur
1865 2716 1985 2774 siue
2028 2716 2202 2770 altero

604 2813 810 2868 nullum
832 2812 898 2866 ad
923 2812 1150 2867 salutem
1175 2818 1417 2864 nostram
1447 2809 1602 2864 affert
1643 2808 1964 2879 profectum.
1988 2809 2054 2864 Et
2083 2809 2203 2863 ideo

614 2907 669 2960 in
700 2907 780 2959 his
820 2906 1018 2959 duobus
1063 2903 1316 2958 mandatis
1353 2912 1458 2956 tota
1497 2903 1582 2956 lea:
1626 2902 1808 2971 pendet
1857 2911 1903 2956 et
1942 2901 2204 2974 prepheta:

611 2999 685 3071 (ᾖ
730 2996 862 3069 40);
918 2996 1042 3068 quia
1076 2996 1159 3052 lex
1188 3005 1242 3051 et
1275 2996 1553 3066 pr0phetia
1593 2997 1768 3052 omnis
1793 2995 1994 3052 Christi
2038 2996 2205 3066 depu—

607 3090 823 3145 tabatur
873 3089 1163 3155 adventui,
1207 3088 1548 3144 ctadventns
1575 3088 1692 3159 ejus
1740 3104 1834 3158 per
1861 3091 2208 3160 supplemen-

2368 1891 2419 1942 1.
2451 1887 2603 1959 Legis
2645 1889 2879 1942 doctrina
2916 1887 3318 1942 commendatur.
3365 1885 3737 1941 Pharisazorutn
3772 1887 3894 1940 iui-

2295 1983 2487 2053 quitus,
2515 1981 2829 2050 ignorantia,
2861 1997 2921 2034 ac
2949 1982 3208 2051 superbia.
3243 2009 3315 2020 —
3360 1979 3504 2034 Tunc
3549 1979 3702 2034 Jesus
3743 1981 3901 2034 locu-

2307 2083 2388 2128 tus
2411 2083 2485 2128 est
2509 2072 2670 2127 turbis
2697 2081 2743 2126 et
2784 2072 3053 2143 discipulis
3077 2073 3184 2127 suis
3208 2113 3222 2139 ,
3256 2073 3430 2126 dicens
3467 2087 3486 2124 :
3517 2071 3688 2142 Super
3714 2073 3902 2126 cathe-

2298 2164 2447 2218 dram
2476 2161 2647 2234 Moysi
2685 2163 2922 2218 sederunt
2971 2163 3168 2219 Scribat
3195 2172 3242 2217 et
3277 2162 3533 2218 Pharistei
3557 2204 3574 2229 ,
3597 2173 3652 2218 et
3683 2164 3897 2233 reliqua

2303 2255 2518 2327 (Matth.
2552 2270 2722 2319 χχιιι,
2754 2257 2776 2310 l
2814 2264 2870 2310 et
2895 2254 2977 2325 2).
3011 2255 3165 2326 Legis
3191 2254 3260 2310 de
3297 2270 3356 2310 se
3396 2256 3645 2311 testantis
3667 2256 3906 2326 gloriam

2301 2349 2574 2419 praetulit,
2618 2363 2739 2418 quae
2790 2348 3078 2419 imaginem
3129 2347 3181 2402 in
3208 2363 3267 2404 sc
3305 2347 3500 2404 futurae
3520 2349 3767 2403 veritatis
3798 2365 3907 2405 ex-

2305 2452 2594 2514 presserat.
2626 2443 2682 2498 Iu
2715 2443 2964 2498 omnibus
3011 2443 3155 2499 enim
3185 2441 3388 2498 Christi
3411 2441 3487 2515 (α)
3535 2442 3909 2498 meditabatur

2303 2535 2613 2590 adventum.
2643 2534 2914 2605 Quidquid
2939 2534 3082 2589 enim
3109 2535 3166 2589 in
3184 2549 3246 2590 ea
3267 2534 3666 2600 continebatur,
3691 2534 3746 2590 in
3771 2550 3905 2604 pro-

2305 2627 2501 2684 fectum
2532 2627 2939 2683 manifestandae
2955 2627 3072 2697 ejus
3094 2626 3418 2696 cognitionis
3439 2637 3775 2698 assumptum
3797 2637 3910 2683 est.

2305 2719 2461 2776 Jubet
2508 2720 2672 2790 igitur
2716 2719 3004 2790 pra‘ceptis
3052 2719 3447 2774 Pharisaeorum
3497 2720 3910 2788 obtemperari,

2306 2812 2430 2884 quia
2461 2812 2514 2865 in
2543 2811 2712 2882 Moysi
2738 2810 2994 2866 cathedra
3029 2811 3302 2865 sederint:
3330 2811 3484 2880 jubet
3513 2811 3648 2882 legis
3675 2813 3918 2867 manda-

2310 2908 2378 2961 tis
2407 2905 2656 2960 omnibus
2683 2905 2891 2960 obediri
2912 2946 2925 2969 ,
2954 2904 3050 2960 sed
3079 2920 3109 2959 a
3138 2905 3290 2960 factis
3318 2919 3508 2960 eorum
3533 2915 3696 2977 atque
3725 2909 3919 2976 operi—

2311 2997 2410 3053 bus
2439 2997 2729 3060 abstineri;
2773 3005 2829 3050 ut
2857 3011 3036 3051 mores
3068 2995 3346 3050 hominum
3380 3006 3541 3067 atque
3572 2998 3876 3054 infidelitas
3901 3042 3916 3065 ,

2313 3107 2418 3145 non
2451 3090 2584 3162 legis
2615 3089 2858 3144 doctrina
2887 3089 3107 3144 vitetur.
3143 3088 3247 3158 Ipsi
3277 3089 3421 3162 enim
3445 3089 3663 3144 subdito
3682 3091 3793 3145 sibi
3818 3106 3921 3160 po-

608 3193 718 3240 tum
757 3199 944 3238 eorum
991 3182 1351 3253 cognoscendi
1395 3182 1492 3238 Dei
1525 3182 1934 3253 intelligentiam
1979 3192 2204 3250 prmsta-
2233 3193 2278 3256 ο
2312 3183 2437 3254 pulo
2457 3181 2774 3252 gravissima
2824 3181 2957 3250 legis
2987 3196 3153 3236 onera
3194 3181 3520 3250 imponunt,
3569 3196 3640 3237 ne
3681 3182 3920 3252 digitum

613 3275 728 3328 bat.
756 3273 888 3328 Nam
929 3274 996 3329 de
1025 3275 1271 3344 proximo
1300 3275 1611 3345 frequenter
1647 3276 2053 3340 admonuimus,
2098 3291 2208 3330 non

611 3369 777 3424 alium
805 3369 1215 3439 intelligendum
1244 3385 1364 3424 esse
1395 3385 1555 3439 quam
1579 3369 1870 3425 Christum.
1906 3371 2040 3424 Cum
2062 3371 2206 3425 enim

614 3473 846 3533 patrem,
877 3470 1126 3525 matrem,
1157 3459 1297 3515 filios
1323 3461 1570 3515 charitati
1595 3461 1688 3516 Dei
1719 3476 2035 3531 praeponere
2067 3462 2210 3516 inhi-

616 3556 873 3621 beamur,
901 3553 1175 3624 quomodo
1216 3553 1432 3608 dilectio
1465 3553 1693 3622 proximi
1738 3553 1994 3624 diligendi
2041 3554 2210 3609 Deum

617 3647 797 3704 simile
822 3647 1134 3703 mandatum
1163 3647 1283 3701 est?
1323 3650 1427 3700 Aut
1458 3645 1792 3716 relinquetur
1822 3647 2047 3718 aliquid,
2070 3647 2213 3717 quod

614 3741 789 3796 amori
820 3741 912 3796 Dei
950 3741 1124 3810 possit
1163 3739 1363 3809 aequari
1384 3740 1406 3792 ?
1431 3739 1535 3793 nisi
1569 3739 1692 3809 quia
1723 3739 2018 3794 similitudo
2070 3755 2213 3808 prte-

616 3834 761 3905 cepti
804 3849 990 3905 parem
1024 3833 1341 3888 charitatem
1363 3831 1623 3901 diligendi
1649 3831 1864 3886 Patrem
1921 3840 1974 3888 et
2019 3831 2214 3886 Filium

620 3926 890 3997 exigebat.

691 4018 746 4071 8.
783 4016 1017 4072 Christus
1041 4015 1128 4085 qui
1145 4015 1284 4085 ﬁlius
1307 4015 1474 4070 David
1493 4016 1773 4070 secundum
1791 4032 2016 4084 carnem,
2041 4016 2220 4070 Domi-

628 4126 724 4164 nus
745 4119 817 4164 est
852 4108 1044 4164 Dauid.
1075 4139 1147 4148 —
1175 4108 1353 4178 Atque
1380 4117 1437 4163 ut
1461 4109 1594 4179 legis
1629 4109 1795 4178 ipsius
1841 4111 2022 4164 verbis
2068 4111 2218 4179 argui

624 4211 869 4273 possent,
902 4210 956 4256 et
981 4200 1143 4275 783
1169 4200 1237 4254 de
1263 4201 1510 4269 proximo
1556 4200 1891 4254 manifestior
1915 4201 2220 4271 intelligen-

620 4297 692 4350 tia
713 4295 1078 4364 panderetur;
1109 4293 1334 4363 requirit
1355 4294 1482 4363 quid
1507 4293 1612 4348 illis
1638 4293 1915 4348 videretur
1940 4293 2213 4362 Christus,

626 4387 911 4454 cujusnam
959 4383 1102 4439 filius
1149 4383 1362 4438 futurus
1410 4396 1576 4439 esset.
1618 4384 1720 4452 Qui
1778 4385 2216 4454 responderunt,

517 4493 529 4506 ‘
626 4480 814 4536 David.
849 4478 1055 4546 Quibus
1087 4477 1202 4544 ait,
1249 4477 1525 4547 quomodo
1575 4477 1626 4531 in
1657 4477 1846 4548 spiritu
1880 4478 2141 4532 Dominus
2190 4495 2220 4532 a

2313 3273 2530 3344 quidem
2553 3287 2708 3327 suum
2729 3271 3104 3342 contingendis
3127 3271 3259 3340 ipsis
3275 3270 3624 3328 admoventes
3646 3272 3809 3342 (Ibid.
3834 3275 3918 3345 4).

2311 3367 2450 3435 Quin
2482 3365 2642 3420 etiam
2691 3364 3012 3434 principium
3058 3364 3345 3419 Dominum
3372 3379 3441 3420 ex
3485 3374 3601 3421 toto
3643 3365 3809 3421 corde
3834 3367 3921 3422 di-

2314 3459 2426 3528 ligi,
2455 3467 2509 3512 et
2537 3458 2838 3526 proximum
2865 3466 3133 3527 tamquam
3162 3471 3224 3512 se
3263 3457 3466 3524 amari,
3494 3457 3596 3528 ipsi
3623 3459 3916 3515 adversum

2314 3557 2446 3627 legis
2469 3557 2569 3612 sibi
2603 3556 2724 3611 latze
2755 3557 3142 3622 testimonium,
3169 3557 3246 3628 (b)
3278 3557 3442 3612 Deum
3472 3557 3524 3611 in
3549 3555 3770 3610 Christo
3792 3569 3920 3624 pas~

2316 3649 2559 3704 sionibus
2610 3657 3019 3718 persequentes.
3073 3647 3369 3702 Verborum
3422 3660 3641 3717 quoque
3684 3659 3912 3699 suorum

2315 3742 2542 3814 gloriam
2567 3752 2836 3811 tamquam
2862 3739 3174 3810 philacteria
3194 3738 3358 3812 784
3371 3739 3664 3794 dilatantes
3724 3737 3796 3808 (ᾗ
3839 3734 3920 3808 5),

2318 3835 2520 3906 quibus
2549 3835 2675 3889 vitae
2715 3843 2932 3889 atternm
2978 3843 3167 3888 auctor
3193 3835 3332 3889 Deus
3379 3848 3486 3888 non
3515 3833 3585 3886 sit
3611 3831 3921 3887 intellectus

2318 3927 2374 3980 in
2403 3925 2651 3990 Christo,
2679 3911 2907 3995 seseque
2942 3939 3008 3980 ex
3058 3927 3263 3980 honore
3320 3926 3453 3995 legis
3497 3923 3732 3979 emissos
3779 3931 3918 3976 tam-

2322 4035 2482 4091 quam
2517 4019 2759 4074 timbrias
2787 4035 2851 4074 ex
2879 4028 3032 4074 veste
3064 4018 3442 4088 magniﬁcent,
3467 4017 3559 4087 qui
3589 4017 3755 4071 totius
3787 4015 3920 4084 legis

2324 4116 2523 4186 ignari,
2549 4128 2725 4184 neque
2755 4129 2916 4182 opera
2959 4128 3133 4182 neque
3157 4113 3412 4166 virtutem
3440 4112 3558 4179 ejus
3589 4108 3759 4179 ipsius
3791 4108 3924 4178 legis

2324 4206 2643 4276 agnoverint
2668 4223 2680 4258 :
2715 4213 2961 4258 amantes
2984 4204 3189 4272 primos
3220 4201 3502 4256 accubitus
3528 4201 3578 4254 in
3606 4200 3879 4255 conviviis
3907 4241 3922 4264 ,

2325 4298 2412 4368 qui
2444 4297 2555 4367 igni
2583 4305 2787 4350 :eterno
2809 4295 3241 4365 (convivantibus
3271 4293 3451 4364 potius
3485 4307 3609 4346 cum
3647 4292 3928 4346 Abraham

2325 4385 2601 4459 gentibus)
2633 4386 2993 4457 deputantur:
3042 4394 3096 4440 et
3137 4386 3335 4454 primas
3359 4383 3645 4438 cathedras
3677 4384 3730 4436 in
3759 4398 3927 4453 syna-

2327 4483 2499 4553 gngis,
2531 4481 2634 4552 ipsi
2655 4481 2934 4538 doctorem
2958 4497 3114 4535 suum
3137 4481 3437 4536 secundum
3461 4480 3590 4550 legis
3616 4489 3673 4535 et
3699 4478 3930 4550 prophe-

634 4572 802 4628 David
828 4579 1260 4642 nuncuparetur,
1289 4568 1380 4640 qui
1407 4569 1525 4639 ejus
1549 4569 1687 4623 filius
1716 4570 1926 4624 futurus
1954 4579 2138 4636 esset;
2169 4580 2223 4624 et
2249 4583 2302 4642 ι)
2330 4587 2502 4630 tarum
2535 4575 2837 4630 testimonia
2887 4575 3200 4630 nescientes
3249 4573 3322 4646 (ir
3385 4573 3475 4644 6):
3527 4573 3622 4629 scd
3650 4582 3705 4628 et
3734 4573 3931 4627 saluta-

626 4663 901 4736 quomodo
921 4663 989 4716 ab
1027 4676 1092 4716 eo
1113 4659 1314 4715 dictum
1343 4668 1522 4715 esset:
1553 4658 1697 4713 Dixit
1719 4657 1973 4715 Dominus
2002 4660 2222 4714 Domino

627 4771 781 4811 meo:
817 4752 954 4809 Sede
975 4769 1006 4806 a
1036 4753 1230 4807 dextris
1255 4753 1412 4818 meis,
1442 4753 1604 4807 donec
1624 4768 1812 4824 ponam
1837 4753 2074 4807 inimicos
2108 4761 2222 4808 tuos

627 4847 910 4903 scabellum
937 4846 1121 4918 pedum
1141 4855 1345 4899 tuorum
1394 4843 1554 4916 (Ibid.
1589 4844 1661 4898 42
1691 4846 1809 4916 44).
1831 4845 1962 4900 Erat
2005 4846 2222 4916 quidem

625 4955 853 5006 verum,
887 4937 1160 4992 Christum
1206 4954 1270 4992 ex
1321 4937 1496 4992 David
1539 4937 1746 4993 semine
1794 4941 2220 5009 procreandum:

596 5034 722 5088 .sed
747 5033 1046 5088 similitudo
1088 5032 1357 5099 nominis,
1402 5047 1506 5102 qua
1543 5034 1797 5088 Dominus
1828 5034 2056 5089 Domino
2078 5035 2225 5090 dice-

625 5127 721 5182 bat
741 5168 759 5194 ,
790 5136 847 5184 et
875 5142 978 5197 qua
1008 5142 1037 5178 a
1068 5125 1274 5181 dextris
1303 5125 1644 5193 collocabat,
1684 5125 1856 5181 donec
1887 5141 2075 5182 omnes
2118 5128 2226 5183 ini-

627 5219 796 5275 micos
820 5219 1075 5275 subderet
1098 5217 1325 5289 pedibus
1346 5217 1537 5288 ipsius,
1565 5217 1905 5288 significabat
1923 5228 1978 5276 et
2000 5219 2068 5276 de
2091 5234 2223 5276 con-

624 5432 944 5502 praesignata
977 5471 991 5496 ,
1029 5416 1182 5502 cujus
1208 5427 1616 5502 intelligentiam
1638 5443 1744 5483 non
1765 5428 2104 5502 assequimur
2125 5427 2228 5484 nisi

621 5499 990 5557 meditatione.
1037 5499 1106 5555 νζ
1135 5501 1213 5556 lit.
1238 5499 1294 5566 2,
1324 5499 1414 5553 Ps.
1446 5514 1636 5564 cxvnt,
1668 5517 1722 5555 n.
1756 5499 1842 5554 11.

693 5570 772 5644 (a)
801 5571 858 5627 In
887 5587 981 5628 sex
1005 5579 1155 5644 mss.
1179 5571 1516 5644 meditabatur
1544 5570 2032 5644 adventus:_minus
2062 5585 2224 5644 vere,

623 5641 761 5696 cum
785 5646 1010 5697 verbum
1043 5641 1384 5696 meditabatur
1433 5641 1772 5696 referendum
1805 5641 1874 5696 sit
1903 5642 1970 5696 ad
2003 5643 2225 5696 tacitum

633 5725 830 5780 nomen
863 5714 1021 5780 legis,
1051 5714 1206 5779 cujus
1241 5721 1428 5766 auctor
1458 5712 1691 5779 Spiritus
1717 5722 1938 5765 sanctus
1971 5713 2022 5765 in
2049 5713 2225 5767 omni-

629 5779 728 5832 bus
759 5778 900 5834 illius
921 5778 1090 5847 gestis
1117 5778 1392 5836 Christum
1421 5778 1582 5836 untun
1630 5781 1992 5852 prospiciebat
2016 5797 2080 5838 ac
2103 5796 2218 5836 me-

2335 4670 2509 4725 tiones
2554 4670 2605 4723 in
2639 4670 2792 4734 foro,
2822 4669 3020 4739 quibus
3061 4668 3337 4723 humilitas
3362 4667 3544 4723 cordis
3593 4676 3648 4723 et
3685 4667 3932 4722 ministe-

2331 4763 2473 4818 rium
2496 4764 2548 4816 in
2578 4777 2769 4818 omnes
2798 4771 2883 4816 est
2916 4763 3262 4831 imperatum.
3294 4761 3492 4816 Vocari
3518 4760 3682 4816 etiam
3724 4761 3794 4816 ab
3828 4759 3930 4815 ho-

2332 4855 2568 4910 minibus
2590 4856 2828 4925 magistri
2855 4855 3134 4926 volunt”
3183 4855 3261 4924 7),
3302 4853 3564 4910 doctrinae
3582 4853 3930 4925 legisignari,

2333 4956 2389 5005 et
2413 4947 2727 5017 magistrum
2760 4947 2952 5002 salutis
2982 4955 3255 5016 perpetuae
3279 4955 3615 5016 respuentes.
3648 4947 3783 5011 Quae
3807 4946 3930 5016 quin

2335 5042 2518 5096 omnia
2543 5039 2766 5110 profana
2794 5049 2956 5110 atque
2986 5055 3242 5110 perversa
3266 5048 3490 5105 essent,
3522 5037 3786 5094 factorum
3816 5038 3934 5093 imi-

2337 5134 2540 5188 tatione
2567 5131 2913 5187 damnantur.
2945 5132 3104 5202 Legis
3125 5140 3306 5186 autem
3334 5131 3642 5199 audientia,
3677 5141 3732 5186 et
3758 5131 3929 5186 dicto-

2337 5209 2454 5280 rum
2475 5222 2941 5293 obedientia,quia
2970 5220 3246 5278 Christum
3276 5223 3658 5293 loquebantur,
3679 5222 3927 5294 exigitur.

2333 5426 2636 5484 dilabatur:
2670 5436 2725 5482 ut
2767 5442 2830 5482 ex
2873 5440 3194 5497 quacumque
3235 5423 3353 5478 licet
3387 5439 3608 5497 persona
3634 5423 3930 5497 prophetia:

2333 5498 2561 5570 Spiritus
2582 5500 2647 5554 sit
2670 5494 2901 5570 locutus,
2935 5497 3000 5570 sit
3027 5507 3196 5570 tamen
3233 5494 3394 5548 totunt
3416 5495 3548 5570 illud
3575 5494 3643 5547 ad
3677 5496 3927 5570 cognitio-

2330 5565 2715 5694 nemladgentus
2745 5568 2956 5671 Potnini
2976 5568 3161 5634 nostri,
3196 5577 3326 5634 ctc.,
3361 5575 3421 5621 ut
3447 5565 3682 5621 habetur
3707 5565 3926 5638 prologo

2330 5657 2383 5694 ιιι
2436 5659 2503 5694 ι).
2576 5657 2621 5694 s.
2659 5659 2713 5694 ιι.
2746 5661 2802 5694 .›.

2330 5657 2899 5783 l_l|(b)’Sics.D.:r..)eum
2942 5710 3250 5783 potioribus
3299 5725 3434 5768 mss.
3462 5707 3568 5766 Alii
3594 5723 3723 5765 vero
3771 5708 3927 5773 libri,

2330 5781 2495 5839 Deum
2517 5784 2568 5837 in
2593 5781 2786 5838 Christi
2812 5781 3157 5852 passionibus.
