4222 6262
297 362 439 421 11149
523 408 529 416 .

1137 356 1687 414 COMMENTARIUS
1728 355 1793 412 IN
1832 352 2269 411 ΜᾹΤΤΙΙΑΞυΜ.
2311 354 2462 411 CAP.
2512 353 2697 410 XXIV.

3450 354 3594 412 1050

366 476 424 533 2.
454 474 738 531 Charitatis
777 483 824 529 et
852 472 1162 528 humilitatis
1203 481 1482 543 praecepta.
1508 501 1580 512 —-
1605 470 1802 526 Verum
1834 470 1891 526 in
1916 477 1971 538 Α
1993 466 2337 523 efﬁcientiam
2412 467 2746 535 continebat,
2794 468 2893 524 sed
2944 467 3304 525 meditabatur
3344 468 3588 524 ell‘ectus.

296 568 626 626 contrarium
648 567 929 638 discipulis
944 568 1056 636 jam
1078 580 1138 621 se
1160 564 1457 621 scientibus
1485 567 1652 620 totius
1673 563 1892 620 humili-

301 661 428 716 tatis
467 667 742 731 praicepta
796 668 1159 724 consummat,
1213 664 1271 712 ut
1305 656 1654 712 meminerint
1701 670 1891 712 omnes

303 753 504 810 fratres
544 767 666 808 esse
710 767 793 817 se,
820 750 874 806 id
914 759 1020 817 est,
1061 751 1198 805 lilios
1228 749 1466 819 parentis
1502 749 1681 814 unius,
1714 756 1767 803 et
1795 763 1892 818 per

294 859 451 899 novas
489 844 786 899 nativitatis
831 843 1235 913 generationem
1280 841 1479 897 terreni
1519 849 1671 896 ortus
1699 855 1890 896 exces-

291 936 430 993 sisse
455 936 766 1007 primordia,
794 945 850 991 et
884 950 1048 991 unum
1077 934 1180 991 sibi
1213 949 1335 990 esse
1365 935 1616 990 omnibus
1651 934 1891 991 caelestis

292 1027 550 1084 doctrinm
583 1028 896 1098 magistrum
918 1069 934 1095 ,
975 1037 1031 1084 et
1058 1027 1283 1099 gloriam
1308 1025 1530 1082 honoris
1567 1027 1755 1083 aeterni
1784 1026 1885 1082 hu-

294 1120 537 1178 militatis
572 1121 907 1177 conscientia
943 1119 1366 1191 capessendam;
1391 1120 1515 1189 quia
1537 1120 1886 1176 insolentiam

297 1212 437 1268 Deus
457 1212 708 1268 humilem
736 1212 1028 1270 eﬁ‘ectnrus
1050 1212 1141 1278 sit,
1181 1220 1237 1268 et
1262 1211 1621 1269 humilitatem
1648 1213 1887 1269 elaturos

298 1306 354 1362 in
377 1305 603 1374 gloriam
638 1303 797 1375 (Ibid.
835 1304 1007 1377 8-12).

364 1397 683 1454 5.Pharinei
713 1395 975 1452 Christum
999 1398 1284 1470 respuendo
1308 1398 1555 1453 claudunt
1585 1399 1788 1454 caelum.
1816 1429 1890 1440 —

305 1489 397 1546 Vat
424 1490 564 1545 vobis
594 1489 792 1547 Scriba:
818 1500 866 1546 et
895 1490 1154 1546 Phariuei
1189 1492 1489 1565 hypocrita,
1524 1493 1612 1561 qui
1636 1490 1710 1563 (a)
1742 1490 1888 1546 clau-

293 1582 412 1636 ditis
450 1599 662 1654 regnum
698 1583 939 1637 calorum
968 1582 1040 1655 (ᾗ
1086 1582 1199 1655 15).
1244 1583 1655 1639 Simulationem
1698 1600 1885 1640 corum

296 1688 471 1743 preme
499 1672 893 1742 signiﬁcatione
915 1668 1258 1730 condemnat.
1296 1673 1383 1730 Va:
1405 1676 1547 1731 enim
1571 1690 1673 1730 vox
1701 1675 1889 1732 dolen-

298 1765 368 1823 tis
409 1777 511 1822 est.
542 1766 807 1823 Claudere
844 1776 1023 1822 autem
1063 1783 1158 1823 eos
1187 1784 1413 1840 regnum
1456 1770 1715 1825 caelorum
1764 1770 1886 1826 ideo

1994 559 2130 616 Nam
2167 571 2391 617 ornatus
2428 561 2602 617 altarii
2628 569 2791 631 atque
2822 562 3004 632 templi
3036 578 3142 617 non
3173 560 3491 632 dignitatem
3513 554 3584 618 de

1995 652 2140 708 cultu
2163 652 2508 719 conciliabat,
2553 652 2648 709 sed
2685 651 2986 709 futurorum
3017 654 3254 724 speciem
3287 651 3354 708 de
3382 651 3583 708 decore

1996 744 2249 816 ﬁngebat.
2284 745 2417 801 Nam
2462 760 2671 813 aurum,
2704 754 3007 815 argentum,
3050 760 3145 813 azs,
3192 746 3582 811 aurichalcum,
3625 764 3635 770 ·

1994 837 2321 909 margaritae,
2371 838 2663 910 crystallus
2704 838 2977 908 propriam
3023 838 3436 910 signiﬁcantium
3487 852 3587 909 pro

1994 940 2185 987 natura
2222 930 2643 1002 uniuscuiusque
2686 931 2888 986 metalli
2935 932 3387 1002 complectuntur.
3426 931 3592 1002 Igitur

1993 1023 2286 1095 redarguit,
2318 1024 2462 1096 quod
2487 1038 2678 1079 aurum
2713 1022 2897 1095 templi
2919 1032 2975 1080 et
2993 1023 3135 1080 dona
3156 1025 3345 1080 altaris
3371 1040 3470 1096 pro
3489 1039 3589 1102 .sa-

1995 1127 2395 1174 cramentorum
2458 1117 2719 1188 religione
2762 1126 3188 1184 venerarentur;
3239 1132 3364 1173 cum
3412 1116 3590 1172 honor

1994 1214 2174 1284 potior
2211 1223 2355 1270 esset
2386 1222 2440 1270 et
2469 1213 2655 1269 altaris
2698 1220 2754 1269 et
2783 1212 2989 1283 templi,
3033 1212 3155 1282 quia
3186 1212 3251 1267 ad
3282 1210 3585 1267 futurorum

1992 1307 2231 1379 speciem
2262 1314 2317 1362 et
2348 1321 2536 1362 aurum
2569 1306 2775 1377 templo
2821 1313 2878 1360 et
2904 1305 3103 1360 donum
3133 1304 3478 1360 dedicaretur
3507 1304 3589 1359 al-

1994 1401 2114 1456 tari.
2162 1401 2229 1456 Et
2255 1400 2377 1456 ideo
2411 1400 2735 1456 adveniente
2763 1399 2983 1454 Christo
3009 1398 3257 1455 inutilem
3303 1412 3424 1454 esse
3452 1397 3588 1453 ﬁdu-

1992 1496 2131 1552 ciam
2163 1495 2334 1565 legis:
2367 1495 2488 1566 quia
2533 1511 2638 1549 non
2670 1494 2722 1549 in
2751 1494 2870 1565 lege
2890 1493 3161 1560 Christus,
3192 1492 3288 1548 sed
3313 1492 3398 1549 lex
3425 1507 3585 1547 sanc-

1993 1587 2288 1643 tiﬁcaretur
2317 1588 2369 1641 in
2398 1586 2630 1651 Christo,
2661 1587 2713 1642 in
2745 1601 2847 1657 qua
2875 1585 3037 1642 veluti
3068 1584 3227 1641 sedes
3252 1584 3587 1654 thronusque

1992 1680 2063 1754 (c)
2089 1681 2190 1738 sibi
2215 1666 2424 1753 positus
2449 1682 2538 1736 sit.
2566 1680 2666 1748 Qui
2697 1680 2820 1750 quia
2852 1679 3136 1751 religiosus
3158 1678 3442 1743 habeatur,
3460 1677 3587 1732 reli-

1989 1776 2204 1846 gionem
2230 1776 2297 1829 ab
2316 1790 2382 1830 eo
2406 1790 2629 1830 necesse
2659 1774 2847 1841 estqui
2874 1773 2925 1827 in
2954 1772 3047 1827 illo
3086 1771 3333 1827 considat
3354 1784 3585 1840 accepe-

298 1858 391 1924 ait,
431 1859 558 1930 quia
596 1859 792 1930 inii-ge
831 1859 1236 1916 meditationem
1265 1862 1383 1932 ejus
1411 1878 1530 1932 quae
1570 1862 1623 1916 in
1668 1861 1885 1917 Christo
1915 1870 1963 1930 Β
1991 1867 2060 1920 rit
2089 1874 2288 1936 :atque
2326 1865 2395 1920 ita
2433 1865 2584 1920 stulti
2614 1864 2853 1930 caecique
2885 1865 3014 1929 sint,
3047 1861 3424 1917 sanctiﬁcante
3452 1875 3590 1932 prte-

299 1959 384 2006 est
431 1952 675 2007 veritatis
713 1953 1007 2019 occultent,
1056 1963 1112 2009 et
1149 1969 1472 2024 corporeum
1523 1954 1812 2011 adventum
1852 1971 1881 2010 a

292 2042 573 2113 prophetis
596 2044 944 2115 praedicatum
983 2045 1244 2102 doctrinas
1268 2048 1617 2104 simulatione
1654 2048 1883 2105 abscon-

290 2133 461 2203 dant;
511 2137 721 2208 ipsique
784 2152 890 2194 non
942 2138 1200 2195 adeuntes
1251 2139 1391 2196 viam
1446 2141 1765 2198 teternitatis
1829 2143 1882 2198 in

288 2226 532 2294 Christo,
562 2229 715 2285 adire
742 2244 956 2302 quoque
984 2242 1216 2288 caeteros
1243 2246 1351 2287 non
1390 2234 1588 2289 sinant.

360 2320 418 2375 4.
451 2320 553 2388 Qui
577 2321 842 2391 imponant
862 2322 1002 2378 aliis.
1030 2351 1101 2364 —-
1142 2322 1228 2378 Vw
1257 2323 1397 2379 vobis
1436 2324 1634 2381 Scriba:
1659 2335 1706 2381 et
1747 2324 1887 2379 Pha-

291 2413 430 2468 ristei
450 2411 756 2484 hypocrita,
782 2415 870 2486 qui
889 2417 1153 2471 comeditis
1174 2420 1351 2473 domos
1377 2419 1648 2473 viduarum
1672 2421 1689 2490 (
1711 2420 1745 2490 ᾖ
1770 2417 1881 2491 id).

290 2506 428 2564 Hinc
458 2510 560 2565 ilhc
590 2520 715 2564 sunt
739 2510 985 2566 veritatis
1010 2511 1229 2579 inﬁcias,
1275 2512 1400 2569 hinc
1426 2513 1689 2568 adeunda:
1723 2520 1885 2569 ciete-

291 2600 375 2656 ris
398 2602 586 2657 salutis
605 2602 875 2668 iuhibitio,
901 2613 958 2658 et
984 2603 1134 2673 regni
1164 2605 1404 2660 caelestis
1425 2605 1719 2671 obseratio,
1750 2617 1808 2660 ut
1830 2609 1882 2661 in

292 2692 559 2749 obeundis
598 2693 879 2750 viduarum
922 2694 1173 2751 domibus
1204 2696 1499 2752 retineatur
1542 2697 1785 2762 ambitio,
1828 2707 1886 2752 ut

291 2784 466 2857 longas
488 2787 749 2842 orationis
775 2786 1086 2858 dignatione
1124 2790 1444 2860 spolientur,
1477 2801 1533 2845 ut
1561 2790 1739 2847 abhis
1775 2807 1886 2847 cte-

292 2874 449 2933 lestis
485 2878 720 2947 cognitio
774 2887 1046 2948 tamquam
1088 2894 1117 2934 a
1161 2879 1415 2936 thesauro
1456 2878 1706 2951 reposita:
1744 2897 1885 2952 epu-

290 2968 476 3025 lentite
513 2979 827 3040 expetatur,
881 2978 937 3025 ut
982 2971 1119 3041 legis
1156 2971 1389 3042 dignitas
1429 2974 1619 3043 gratiae
1667 2974 1886 3028 silentio

290 3067 623 3131 perseveret.
649 3061 716 3116 Et
739 3060 864 3116 ideo
889 3061 1159 3132 accipient
1181 3063 1416 3133 amplius
1442 3063 1729 3133 judicium,
1760 3065 1885 3135 quia

290 3160 346 3207 et
368 3166 579 3222 piceam
613 3153 811 3223 proprii
844 3152 1071 3222 peccati,
1099 3161 1155 3209 et
1175 3166 1385 3210 reatum
1411 3156 1602 3212 alien.e
1634 3157 1886 3227 ignoran-

295 3245 385 3300 tiae
411 3244 704 3301 debebunt.

363 3338 418 3393 5.
466 3336 665 3393 Eorum
694 3339 870 3394 odium
916 3340 970 3394 in
1018 3338 1382 3412 Evangelium.
1430 3342 1534 3411 Qui
1583 3360 1733 3413 pretia
1787 3344 1888 3398 du-

298 3432 420 3501 plici
442 3432 716 3504 plectendi.
744 3463 816 3474 ——
844 3432 937 3489 Vie
955 3434 1094 3490 vobis
1124 3435 1322 3491 Scriba:
1362 3446 1411 3491 et
1434 3436 1687 3495 Phariswi
1726 3439 1888 3511 hypo-

293 3525 458 3591 critaz,
487 3525 575 3594 qui
607 3527 836 3582 circuitis
871 3542 1012 3581 mare
1050 3538 1099 3582 et
1140 3529 1341 3584 aridam
1367 3529 1441 3605 (Ῠ
1491 3531 1605 3601 15).
1631 3533 1795 3588 Maris
1833 3541 1889 3588 cl.

295 3628 454 3675 terrae
485 3622 858 3689 peragratione
902 3620 1189 3690 signiﬁcat,
1226 3622 1278 3677 in
1322 3625 1450 3678 totis
1495 3624 1645 3680 orbis
1689 3625 1887 3682 ﬁnibus

300 3725 398 3768 eos
446 3727 570 3767 esse
618 3711 814 3767 Christi
867 3712 1163 3784 Evangelia
1210 3717 1626 3781 obtrectaturos.
1669 3729 1724 3774 et
1751 3720 1886 3791 legis

289 3804 419 3875 jngo
453 3815 638 3860 contra
661 3804 1098 3874 justiﬁcationem
1125 3806 1258 3879 .ﬁdei
1292 3809 1500 3880 aliquos
1534 3811 1885 3866 subdituros:

295 3896 552 3968 proselyti
580 3897 732 3952 enim
779 3907 905 3952 sunt
946 3913 1013 3953 ex
1054 3900 1306 3970 gentibus
1335 3901 1386 3955 in
1414 3900 1754 3973 Synagogain
1800 3919 1888 3961 re-

294 3990 457 4060 cepti.
504 3990 747 4056 Quorum
788 3990 1089 4047 futurorum
1130 3994 1325 4048 raritas
1351 3996 1401 4049 in
1442 4010 1550 4049 uno
1581 3995 1657 4068 (b)
1687 3998 1890 4052 indica-

298 4090 387 4137 tur
420 4099 433 4135 :
466 4097 644 4151 neque
691 4083 835 4139 enim
884 4094 1005 4154 post
1040 4082 1242 4140 Christi
1287 4086 1720 4157 praedicationem
1764 4088 1892 4145 doc-

298 4174 458 4229 trinze
481 4190 666 4230 eorum
694 4174 826 4231 ﬁdes
849 4176 1035 4231 relicta
1063 4186 1164 4232 est.
1199 4178 1304 4233 Sed
1337 4179 1581 4249 quisquis
1611 4179 1774 4236 fuerit
1801 4197 1893 4237 ac-

299 4271 529 4340 quisitns
559 4270 626 4327 ad
674 4271 910 4342 plebem,
947 4271 1086 4328 ﬁlius
1117 4272 1176 4327 ﬁt
1201 4274 1484 4344 gehennae,
1518 4291 1691 4346 paena:
1720 4277 1889 4333 sobo-

298 4362 397 4427 les,
438 4373 492 4418 et
520 4364 705 4419 aeterni
725 4363 911 4434 judicii
941 4365 1103 4438 785
1147 4365 1435 4422 bacreditas
1464 4385 1477 4420 :
1522 4369 1647 4437 quia
1675 4360 1917 4438 adoptio

298 4472 365 4512 ex
391 4458 646 4529 gentibus
674 4457 908 4513 Abrahae
937 4457 1192 4513 familiam
1221 4459 1424 4514 factura
1444 4461 1532 4515 sit.
1566 4460 1690 4516 Ideo
1712 4473 1891 4516 autem

298 4563 475 4621 pteute
497 4549 784 4620 duplicatae
804 4549 911 4605 erit
936 4549 1097 4617 ﬁlius,
1133 4550 1254 4620 quia
1300 4566 1480 4625 neque
1518 4553 1891 4607 remissionem

1991 1958 2173 2026 terito,
2197 1957 2534 2013 sanctiﬁcata
2565 1966 2888 2012 venerantes
2918 1955 2992 2029 (ᾗ
3037 1954 3151 2019 l7).

2059 2055 2112 2107 7.
2145 2051 2315 2121 Opera
2337 2062 2570 2117 externa,
2599 2052 2697 2105 etsi
2724 2067 2827 2105 non
2854 2049 3152 2116 omittenda,
3172 2048 3391 2103 internis
3418 2056 3588 2102 tamen

1986 2144 2254 2200 uirtutibus
2284 2142 2653 2214 posthabenda.
2678 2171 2751 2183 ——
2786 2139 2878 2196 Va:
2925 2140 3061 2196 vobis
3093 2139 3289 2195 Scriba:
3317 2149 3364 2194 et
3394 2136 3588 2193 Phari-

1985 2241 2076 2295 sici
2096 2237 2397 2310 hypocritaz,
2426 2238 2513 2309 qui
2548 2236 2813 2290 decintatis
2848 2234 3111 2289 meutham
3152 2244 3200 2288 et
3243 2232 3507 2297 anethum,
3540 2241 3587 2286 et

1988 2347 2135 2387 omne
2168 2330 2304 2395 olus,
2349 2338 2407 2384 et
2445 2329 2650 2399 reliqua
2677 2326 2839 2401 (Ibid.
2879 2327 2996 2400 23).
3045 2327 3239 2382 Mentis
3282 2327 3488 2382 occulta
3532 2335 3589 2382 et

1987 2424 2273 2479 obscuram
2308 2421 2644 2477 voluntatum
2692 2419 3031 2490 iniquitatem
3075 2419 3353 2489 redarguit
3393 2434 3407 2473 :
3441 2417 3585 2488 quod

1988 2528 2050 2569 ea
2081 2528 2205 2584 quae
2231 2513 2284 2566 in
2330 2511 2553 2566 decimis
2602 2511 2839 2565 menthte
2884 2519 3048 2580 atque
3094 2509 3278 2564 anethi
3311 2509 3398 2564 lex
3444 2524 3583 2580 prai-

1988 2606 2177 2662 scribit
2201 2603 2461 2671 efﬁciant,
2493 2613 2549 2658 ut
2575 2604 2801 2674 implere
2831 2603 3086 2673 legentab
3113 2602 3418 2658 hominibus
3444 2602 3589 2658 exis-

1991 2699 2287 2763 timentur;
2318 2695 2744 2751 misericordiam
2775 2711 2905 2750 vero
2934 2704 3098 2764 atque
3127 2694 3393 2765 justitiam
3436 2706 3489 2750 et
3522 2693 3587 2748 ﬁo

1987 2790 2109 2846 dem
2156 2799 2211 2845 et
2238 2804 2456 2844 omnem
2502 2789 2898 2843 benevolentiae
2942 2785 3193 2842 allectum
3242 2785 3581 2856 reliquerint,

1988 2882 2130 2953 quod
2165 2881 2441 2953 proprium
2491 2880 2727 2936 hominis
2773 2878 3011 2934 ofﬁcium
3053 2887 3154 2935 est.
3186 2878 3320 2946 Quia
3350 2877 3589 2933 decima-

1988 2976 2064 3031 tio
2104 2975 2191 3030 illa
2231 2975 2439 3042 oleris,
2483 2989 2605 3044 qua:
2647 2974 2700 3027 in
2752 2971 3241 3043 prml‘ormalionem
3284 2972 3585 3025 futurorum

1988 3076 2106 3123 erat
2151 3066 2320 3133 utilis,
2371 3081 2479 3121 non
2530 3066 2761 3122 debebat
2804 3065 2981 3119 omitti
3016 3063 3203 3119 :efﬁci
3249 3072 3429 3118 autem
3486 3063 3589 3117 hoc

1987 3161 2293 3231 oportebat,
2325 3166 2385 3214 ut
2412 3157 2535 3215 ﬁdei
2575 3167 2629 3213 ct
2653 3157 2878 3227 justitia:
2905 3166 2961 3212 et
3002 3154 3391 3211 misericordia:
3417 3153 3584 3224 parti-

1911 3255 1958 3319 C
1987 3254 2090 3310 bus
2132 3252 2324 3319 functi,
2380 3266 2486 3307 non
2539 3252 2843 3307 imitatione
2890 3251 3178 3321 ﬁngendae,
3220 3249 3316 3305 sed
3356 3249 3585 3304 veritate

1989 3345 2294 3403 retinenda:
2342 3344 2631 3400 voluntatis
2671 3343 2925 3415 operibus
2954 3345 3311 3414 placeremus.
3354 3342 3422 3396 Et
3462 3341 3585 3412 quia

1989 3441 2173 3496 minus
2230 3440 2426 3509 piaculi
2486 3448 2661 3506 esset,
2717 3438 3133 3494 decimationem
3186 3438 3353 3492 oleris
3407 3437 3587 3509 potius

1990 3549 2151 3604 quam
2185 3522 2580 3589 benevolentiae
2627 3531 2863 3587 ofﬁcium
2906 3548 3001 3604 pra
3022 3532 3223 3596 terirc;
3257 3530 3447 3586 irridet
3488 3543 3588 3584 co-

1991 3641 2111 3681 rum
2135 3626 2188 3680 in
2215 3625 2458 3680 colandis
2480 3624 2743 3679 culicibus
2765 3624 3119 3694 diligentiam,
3140 3637 3370 3692 quorum
3395 3623 3446 3676 in
3470 3621 3588 3691 glu-

1993 3716 2188 3773 tiendis
2215 3718 2441 3773 camelis
2469 3725 2615 3772 esset
2655 3718 2881 3783 incuria,
2917 3725 3132 3787 peccata
3170 3716 3422 3770 videlicet
3452 3714 3589 3770 levia

1992 3808 2317 3874 vitantiutn,
2370 3817 2425 3862 et
2473 3806 2841 3879 gravia(mss.
2894 3806 3154 3876 grandia)
3209 3805 3586 3859 devorantium

1995 3900 2068 3973 (ᾖ
2111 3898 2228 3972 ‘24).
2264 3899 2368 3953 Par
2395 3910 2609 3969 quoque
2653 3898 2704 3951 in
2744 3910 2840 3952 eos
2871 3911 3045 3966 pinna:
3072 3895 3429 3959 .ilenuutiatio
3476 3903 3581 3962 est,

1992 3996 2082 4065 qui
2105 3993 2302 4049 calices
2333 4000 2392 4048 et
2411 3990 2728 4062 paropsides
2747 3980 3085 4045 extrinsecus
3106 3989 3374 4054 eluentes,
3396 4003 3584 4044 eorum

1993 4088 2251 4143 interiora
2280 4101 2387 4140 non
2427 4084 2688 4139 mundent
2718 4083 2791 4155 (Ῡ
2832 4082 2925 4153 25)
2961 4099 2975 4135 :
3003 4082 3387 4150 etjactantiam
3420 4081 3581 4136 inuti-

1994 4180 2061 4237 lis
2091 4178 2255 4235 studii
2288 4187 2595 4251 sequentes,
2629 4177 2874 4232 utilitatis
2919 4174 3172 4246 perfecta:
3216 4174 3575 4232 ministerium

1997 4272 2392 4342 derelinquant.
2424 4269 2623 4326 Calicis
2654 4284 2885 4339 namque
2932 4282 3060 4323 usus
3105 4270 3330 4325 interior
3355 4279 3438 4326 est
3462 4287 3475 4322 :
3499 4269 3592 4339 qui

1996 4368 2040 4422 si
2069 4354 2432 4430 obsorduerit,
2473 4364 2599 4436 quid
2643 4363 2881 4435 proﬁciet
2926 4363 3067 4419 lotus
3096 4365 3378 4420 exterius?
3414 4350 3588 4435 Atque

1994 4459 2117 4514 ideo
2145 4457 2415 4513 interioris
2451 4458 2800 4513 conscientiat
2843 4458 2984 4511 nitor
3031 4465 3118 4512 est
3156 4457 3502 4524 obtinendos,
3533 4465 3593 4512 ut

1996 4566 2058 4606 ea
2104 4566 2228 4621 qua:
2268 4549 2514 4619 corporis
2556 4558 2681 4604 sunt
2725 4548 3029 4604 forinsecus
3068 4550 3318 4604 eluuntur
3349 4547 3422 4621 (ᾗ
3468 4547 3586 4619 26).

296 4652 642 4713 peccatorum
671 4642 742 4697 sit
775 4642 1060 4712 gentilium
1087 4650 1431 4705 consecutus,
1472 4652 1528 4698 et
1572 4646 1887 4701 societatem
1915 4640 1971 4702 D
1995 4643 2269 4715 Sepulcris
2288 4658 2501 4713 quoque
2521 4658 2615 4700 eos
2637 4642 2989 4711 comparavit,
3017 4656 3138 4712 qua:
3162 4640 3400 4696 humano
3425 4656 3592 4711 opere

298 4747 488 4788 eorum
512 4732 890 4802 qniChristum
923 4733 1190 4801 persecuti
1221 4742 1349 4788 sunt
1377 4733 1449 4787 sit
1469 4745 1706 4790 secutus.

370 4825 423 4880 ﬁ.
449 4823 559 4879 Lesb
580 4828 873 4895 futurorum
896 4827 1085 4895 forma,
1111 4824 1255 4879 sedes
1281 4835 1355 4879 est
1376 4835 1424 4879 et
1440 4825 1657 4880 thronus
1677 4825 1887 4883 Christi.

299 4915 503 4973 Christo
523 4917 819 4972 adveniente
848 4933 941 4971 cur
958 4916 1178 4971 inutilis.
1203 4946 1276 4958 —
1297 4916 1391 4972 Vw
1411 4917 1549 4972 vobis
1573 4919 1724 4974 duces
1749 4919 1889 4988 arci,

298 5010 386 5082 qui
412 5010 584 5065 dicitis
607 5025 625 5063 :
646 5007 963 5079 Quicumque
992 5010 1245 5081 juraverit
1276 5010 1329 5064 in
1357 5011 1623 5082 temptant,
1659 5012 1790 5067 nihil
1821 5022 1894 5068 est

301 5101 465 5172 (Ibid.
496 5099 610 5173 16).
639 5101 1017 5157 ﬂeverentiam
1048 5099 1405 5156 humanarum
1430 5102 1889 5172 Observationum,

299 5202 356 5250 et
400 5192 787 5249 contumeliam
844 5194 1179 5263 propheticac
1226 5194 1532 5251 traditionis
1578 5197 1891 5266 exprobrat,

298 5284 444 5357 quod
473 5284 726 5341 inanibus
766 5284 1028 5341 honorem
1059 5285 1270 5353 darent,
1317 5295 1371 5341 et
1402 5287 1751 5344 detraherent
1795 5289 1895 5345 ho-

298 5378 582 5436 norandis.
609 5377 812 5450 Legem
853 5393 1087 5450 namque
1126 5379 1243 5451 ipse
1280 5378 1527 5449 dederat,
1574 5392 1630 5437 et
1668 5383 1756 5439 lex
1784 5398 1892 5441 non

395 5581 450 5637 al
481 5568 611 5637 Mss.
637 5578 978 5637 Cluditis.....
1005 5579 1233 5636 cludere.

395 5600 427 5637 a
481 5581 611 5637 Mss.
637 5581 978 5637 Cluditis.....
1005 5581 1233 5636 cludere.

299 5581 467 5782 ω
498 5653 555 5709 In
595 5652 828 5724 vulgatis
860 5651 1153 5726 judicatur.
1204 5650 1426 5709 Rectius
1475 5653 1531 5708 in
1579 5668 1712 5710 mss.
1759 5655 1897 5712 indi-

349 5794 447 5873 (Β)
480 5794 537 5850 Id
568 5802 675 5857 est,
706 5793 925 5873 Christo
945 5796 1142 5864 positus
1162 5794 1247 5848 sit.
1276 5794 1375 5873 Qui
1402 5792 1650 5873 Christus
1679 5798 1798 5873 quin
1820 5815 1900 5854 re-

309 5866 542 5939 ligiosus,
581 5881 676 5926 seu
719 5866 983 5939 religione
1023 5880 1086 5925 ac
1116 5869 1463 5926 veneratione
1488 5866 1899 5941 digitus/iubea-

1993 4737 2248 4806 cultuque
2281 4735 2446 4807 786
2495 4733 2854 4803 splendentia,
2900 4742 3234 4786 mortuorum
3283 4732 3495 4787 ossibus
3535 4741 3591 4788 et

1990 4829 2315 4887 cadaverum
2339 4827 2693 4882 immunditiis
2719 4826 2944 4882 interius
2980 4825 3297 4881 sordescant
3324 4824 3344 4896 (
3364 4826 3400 4895 Ῡ
3446 4824 3539 4895 27)
3569 4840 3585 4879 :

1996 4920 2289 4994 praeferant
2316 4920 2523 4975 scilicet
2554 4918 2801 4974 inanibus
2821 4917 2999 4973 verbis
3019 4917 3243 4988 iustitia:
3273 4916 3591 4988 Speciosita-

1999 5025 2129 5080 tem,
2158 5012 2392 5068 habeant
2411 5026 2541 5068 vero
2583 5011 2724 5065 intra
2754 5024 2816 5068 se
2846 5010 3192 5066 conscientia:
3214 5024 3330 5066 suae
3354 5008 3584 5066 utentis-

1999 5121 2105 5179 que
2131 5106 2398 5162 faetorem.

2072 5201 2126 5257 8.
2154 5197 2328 5254 Judaei
2363 5198 2636 5270 prophetas
2677 5199 2732 5253 in
2763 5199 2937 5253 odium
2980 5197 3204 5251 veritatis
3242 5197 3435 5252 occisos
3476 5211 3581 5249 non

1999 5293 2249 5347 nesciunt.
2278 5320 2350 5331 —
2386 5290 2479 5345 Vw
2510 5291 2652 5345 vobis
2683 5290 2878 5346 Scriba:
2918 5298 2965 5344 et
2999 5288 3253 5345 Pharisaei
3287 5286 3591 5360 hypocritw,

2000 5388 2089 5459 qui
2110 5385 2382 5457 wdiﬁcatis
2412 5384 2648 5456 sepulcra
2674 5382 3066 5455 prophetarum,
3086 5394 3140 5439 et
3164 5382 3369 5453 reliqua
3385 5379 3406 5453 (
3423 5381 3457 5451 ᾗ
3478 5378 3593 5452 29).

2004 5596 2088 5642 tur
2119 5585 2322 5657 (minus
2373 5584 2511 5641 bene
2543 5581 2682 5655 apud
2707 5582 2872 5657 Lips.»
2898 5591 2952 5639 et
2981 5584 3105 5657 Par.
3142 5584 3421 5640 habebatur
3446 5584 3490 5657 ),
3518 5599 3598 5657 re-

2006 5655 2249 5749 ligionem
2271 5672 2471 5749 aeterne
2491 5666 2573 5749 estl
2590 5655 2839 5723 acceperit
2855 5655 2950 5749 llex
2969 5655 3032 5710 ab
3058 5672 3139 5721 eo,
3162 5657 3246 5726 qui
3270 5658 3327 5712 in
3348 5655 3598 5749 illo'legis

2008 5725 2204 5784 tlirono
2252 5727 2506 5782 considat.
2558 5726 2631 5781 lla
2676 5725 3027 5783 emendemus
3064 5743 3129 5782 ex
3174 5725 3267 5783 Sex
3308 5742 3440 5783 mss.
3489 5725 3600 5782 Nec

2004 5815 2168 5855 sensu
2194 5798 2460 5855 dissident
2498 5796 2700 5865 caeteri,
2738 5798 3013 5868 inquibus
3055 5806 3233 5855 exstat
3271 5799 3597 5856 consederat.

2006 5870 2076 5927 At
2103 5872 2240 5930 male
2269 5872 2320 5930 in
2355 5871 2502 5943 prius
2523 5869 2774 5941 vulgatis,
2799 5870 3046 5938 con/idat.
3088 5933 3099 5944 .
