4222 6262
589 295 735 354 1055

1800 296 2044 354 SANC'I'I
2089 298 2241 355 l-IILA
2254 298 2342 356 [ill
2372 299 2677 357 El’lSCOPl

3753 305 3778 358 1
3791 305 3899 361 056

601 425 811 467 moram
837 409 972 480 fugae
995 409 1164 480 accipi
1195 416 1369 480 potcSt
1393 427 1407 466 :
1431 411 1556 482 quia
1581 412 1789 468 ventris
1813 426 1980 470 onere
2014 413 2185 485 impe-
2210 423 2257 481 Α
2285 418 2399 489 git,
2457 427 2511 474 et
2565 417 2939 490 undecumque
2983 413 3192 474 inicans
3255 418 3584 489 ubicumque
3644 422 3895 477 cernitur

593 505 776 572 ditas,
830 505 1200 560 imminentem
1243 513 1545 576 temporum
1593 507 1801 561 ruinam
1851 505 2086 577 elfugere
2121 509 2196 564 sit

595 596 906 652 molestum.
937 595 1046 653 Sed
1067 597 1195 667 quid
1220 597 1492 664 conditio,
1535 613 1697 655 sexus
1731 608 1786 655 et
1827 603 2192 670 generationis

595 692 730 748 ordo
751 693 1113 749 commeruit?
1140 692 1415 767 Nisijforte
1438 703 1572 750 tetas
1599 694 1689 750 illa
1722 695 2034 764 mulierum,
2069 713 2192 768 quae

600 790 656 846 in
699 791 791 847 illa
817 801 1060 864 tempora
1091 785 1407 860 inciderint,
1452 795 1670 864 proprie
1714 794 1782 848 sit
1827 794 2001 850 futura
2030 794 2198 850 male-

599 883 766 940 dicta.
798 884 908 939 Sed
930 885 1072 939 absit
1101 885 1266 955 istud,
1304 896 1362 941 ut
1388 887 1677 958 quidquam
1710 887 1800 954 sit,
1828 887 1971 958 quod
1996 886 2198 946 homini

601 975 710 1030 nisi
757 990 854 1031 sua
905 978 1063 1047 culpa
1111 979 1310 1032 malum
1343 979 1453 1034 fiat.
1505 980 1621 1034 Non
1653 980 1814 1050 igitur
1854 979 1922 1035 de
1969 979 2196 1035 fetarum

603 1081 772 1122 onere
818 1069 1098 1123 Dominum
1142 1070 1490 1127 admonuisse
1547 1072 1876 1127 credendum
1915 1082 2032 1140 est,
2076 1087 2198 1126 cum

608 1158 741 1214 dicit
774 1177 786 1212 :
829 1159 917 1214 γω
937 1164 1318 1233 prtvgnantibus
1347 1179 1364 1216 :
1393 1163 1488 1219 sed
1512 1165 1814 1219 animarum
1842 1165 2080 1236 peccatis
2108 1180 2196 1221 re-

606 1252 871 1323 pletarum
899 1254 1203 1310 ostendisse
1229 1257 1571 1326 gravitatem,
1603 1271 1721 1327 quae
1749 1271 1922 1328 neque
1948 1257 2021 1332 in,
2049 1265 2189 1313 tecto

607 1347 800 1418 posita:
824 1389 838 1411 ,
871 1363 1044 1419 neque
1075 1350 1128 1403 in
1155 1365 1285 1420 agro
1331 1362 1614 1406 manentes
1653 1353 1906 1420 repositae
1938 1352 2031 1408 ira:
2064 1364 2201 1407 tem-

610 1451 878 1509 pestatem
917 1441 1090 1496 vitare
1129 1443 1360 1513 possint.
1404 1444 1568 1499 Dolor
1597 1445 1740 1500 enim
1770 1455 2108 1515 prtegnantes
2136 1461 2205 1500 ex

615 1541 808 1586 natura
853 1535 1203 1604 consequitur
1235 1553 1248 1588 :
1277 1546 1331 1590 et
1360 1544 1545 1605 partus
1588 1537 1707 1592 sine
1749 1538 1912 1593 totius
1961 1539 2206 1608 corporis

607 1625 894 1678 vexatione
942 1640 1048 1679 non
1083 1623 1344 1681 inliditur.
1387 1627 1518 1696 Quae
1563 1643 1692 1699 ergo
1729 1629 1866 1686 tales
1899 1630 2092 1685 anima:
2120 1645 2205 1684 re-

609 1717 888 1786 perientur
911 1758 926 1782 ,
958 1719 1010 1773 in
1041 1734 1139 1774 suo
1164 1728 1218 1774 et
1243 1735 1412 1776 onere
1441 1730 1496 1776 et
1535 1721 1724 1778 dolore
1747 1723 2188 1779 continebuntur.

2296 509 2461 582 (Ibid.
2489 510 2712 583 22-27).
2743 511 2823 567 Ac
2861 526 2930 567 ne
2969 511 3052 566 vel
3081 513 3184 567 loci
3214 511 3432 582 quidem
3479 511 3632 582 ejus,
3677 516 3730 568 in
3782 530 3905 584 quo

2298 601 2508 657 futurus
2537 612 2713 668 esset,
2746 617 2992 658 essemus
3014 604 3184 673 ignari
3208 645 3222 668 ,
3255 605 3332 658 ait
3357 620 3370 656 :
3401 603 3718 677 Ubicumque
3745 607 3903 676 fuerit

2297 711 2482 765 corpus
2503 735 2516 760 ,
2550 696 2620 750 ibi
2643 697 3087 766 congregabantur
3109 696 3299 765 aquilte
3322 694 3487 765 (Ibid.
3511 694 3628 768 28).
3665 698 3905 754 Sanctos

2301 787 2368 843 de
2399 787 2581 842 volatu
2631 788 2888 858 spiritalis
2939 789 3192 859 corporis
3238 789 3450 860 aquilas
3498 791 3837 859 nuncupavit
3891 808 3904 845 :

2301 895 2551 950 quorum,
2573 881 3024 951 congregantibus
3046 882 3274 952 angelis,
3300 890 3627 937 conventum
3655 880 3910 937 futurum

2304 972 2358 1026 in
2389 973 2513 1026 loco
2544 969 2618 1043 (b)
2652 972 2916 1041 passionis
2945 972 3204 1027 ostendit.
3259 972 3326 1026 Et
3369 972 3528 1042 digne
3577 972 3692 1026 illic
3740 973 3911 1027 clari-

2309 1066 2432 1118 tatis
2455 1063 2718 1118 adventus
2741 1063 3172 1134 exspectabitur,
3197 1064 3284 1120 ubi
3313 1063 3467 1119 nobis
3490 1064 3722 1135 gloriam
3743 1073 3910 1120 teter-

2305 1158 2487 1212 nitatis
2515 1157 2762 1228 passione
2783 1173 3062 1229 corporeae
3089 1158 3410 1214 humilitatis
3430 1169 3691 1230 operatus
3721 1168 3834 1215 est.

2771 1305 2930 1376 791
2969 1301 3200 1359 CAPUT
3238 1302 3432 1358 XXVI.

2309 1421 2388 1475 De
2416 1419 2523 1475 sole
2551 1421 2848 1484 obscurato,
2883 1418 3004 1472 luna
3039 1427 3086 1471 et
3115 1415 3299 1472 stellis.
3336 1415 3446 1488 (De
3476 1419 3626 1489 signo
3649 1419 3780 1486 ﬁcus
3799 1461 3815 1484 ,
3850 1420 3914 1474 de

2379 1513 2480 1566 diei
2507 1511 2754 1565 adventus
2799 1509 3006 1564 Domini
3050 1508 3448 1574 incertitudiue,
3480 1510 3543 1563 de
3578 1512 3913 1565 assumendi:

2379 1616 2424 1660 et
2454 1605 2821 1674 relinquendis,
2849 1615 2901 1658 et
2924 1605 2986 1658 de
3011 1603 3276 1674 vigilantia
3304 1603 3578 1658 servanda.
3630 1603 3759 1660 ιιωε
3811 1604 3911 1660 ab-

2381 1707 2508 1754 sunt
2529 1715 2556 1752 a
2576 1699 2732 1771 mss.)

611 1810 778 1882 790
801 1809 910 1865 Illis
939 1827 1150 1882 quoque
1186 1828 1268 1867 vae
1308 1814 1412 1869 erit
1461 1830 1583 1885 quae
1630 1819 1954 1871 nutrientur.
1989 1817 2084 1872 Est
2126 1818 2210 1872 in-
2239 1819 2287 1879 B
2386 1815 2436 1868 ί.
2467 1811 2736 1868 Gloriosus
2777 1811 2966 1868 Christi
3005 1813 3251 1868 adventus
3285 1812 3490 1882 quando
3529 1821 3577 1867 et
3617 1814 3798 1882 qualis.
3832 1842 3912 1852 -—

612 1899 782 1956 fantia
825 1902 966 1958 lacte
1006 1902 1230 1972 depulsa
1277 1921 1384 1960 non
1436 1908 1615 1962 minus
1643 1908 1708 1962 ad
1753 1908 1928 1979 fugam
1961 1910 2204 1978 inutilis,

613 2008 775 2057 quam
819 2008 881 2049 ea
921 2010 1040 2063 qua:
1070 1996 1367 2052 etiamnum
1405 1997 1545 2054 lacte
1588 1998 1781 2053 alatur.
1834 1999 1902 2055 Et
1939 2001 2211 2072 quomodo

613 2099 697 2139 vae
719 2085 797 2140 illi
833 2101 953 2157 qua:
982 2090 1291 2156 nutriatur;
1340 2106 1463 2146 cum
1513 2092 1645 2148 nihil
1690 2093 1904 2150 intersit
1932 2097 2106 2151 tctatis
2148 2112 2212 2153 ac

615 2180 904 2246 temporis,
936 2181 1126 2236 nutriri
1157 2181 1318 2248 lacte,
1361 2194 1414 2239 et
1453 2183 1752 2242 decessisse
1781 2186 1850 2242 de
1882 2187 2062 2243 lacte?
2093 2189 2203 2246 Sed

615 2270 839 2340 perinde
871 2270 958 2327 hic
1005 2273 1168 2328 etiam
1200 2275 1568 2333 infirmitatem
1611 2279 1950 2349 animarum,
1987 2297 2106 2351 qua:
2145 2281 2210 2336 ad

620 2365 986 2434 cognitionem
1040 2367 1131 2421 Dei
1182 2378 1451 2440 tamquam
1484 2370 1623 2427 lacte
1667 2371 1844 2427 adhuc
1888 2372 2100 2429 alantur
2126 2390 2214 2429 os-

625 2455 798 2528 tendit
832 2476 845 2511 :
873 2473 994 2526 qua:
1025 2457 1248 2528 perfecti
1299 2462 1404 2516 cibi
1446 2463 1644 2518 virtute
1693 2463 1994 2536 indigentes
2022 2507 2036 2531 ,
2067 2467 2212 2522 tenui

620 2550 817 2605 divinae
857 2553 1182 2622 cognitionis
1231 2555 1556 2627 inﬁrmoque
1611 2568 1829 2629 gustatu
1879 2560 2208 2616 imbuantur.

619 2641 690 2698 Et
718 2642 920 2698 idcirco
952 2660 1030 2699 va:
1061 2645 1192 2714 ipsis
1226 2648 1330 2702 erit
1364 2667 1377 2702 :
1410 2650 1536 2717 quia
1560 2657 1615 2704 et
1636 2649 1700 2703 ad
1725 2648 2089 2721 effugiendum
2119 2666 2216 2705 an-

621 2735 926 2792 tichristum
959 2753 1175 2808 graves,
1204 2747 1258 2794 et
1279 2740 1347 2795 ad
1379 2741 1752 2796 sustinendum
1791 2742 2087 2812 imperitia,
2114 2759 2216 2800 nec

541 2842 549 2857 '
620 2840 840 2900 peccata
891 2829 1208 2902 ell‘ugerint,
1253 2848 1353 2887 nec
1393 2833 1574 2889 cibum
1634 2835 1742 2889 veri
1792 2835 1944 2905 panis
1991 2850 2212 2907 accepe-

622 2921 750 2975 rint.
1981 2997 1990 3002 _

695 3014 749 3069 7.
786 3012 935 3085 Fuga
975 3016 1030 3069 in
1053 3017 1230 3088 hyeme
1257 3027 1345 3071 aut
1373 3017 1581 3072 sabbato
1609 3059 1624 3086 ,
1655 3018 1800 3087 quid.
1829 3048 1901 3058 —
1933 3019 2108 3088 Atque
2138 3018 2218 3073 id-

623 3106 770 3162 circo
797 3123 954 3162 orare
983 3108 1340 3164 admonemur
1360 3151 1376 3177 ,
1407 3126 1474 3166 ne
1528 3112 1609 3166 vel
1651 3111 1845 3183 hyeme
1877 3111 1993 3182 fuga
2036 3120 2215 3166 nostra

2314 1908 2506 1962 Statim
2553 1917 2724 1962 autem
2774 1918 2890 1977 post
2939 1907 3317 1962 tribulationem
3363 1907 3565 1961 dierum
3589 1907 3792 1960 illorum
3820 1908 3910 1962 sol

2315 2001 2691 2067 obscurabitur,
2721 2010 2776 2056 et
2811 2000 3012 2071 reliqua
3047 1999 3261 2071 (Matth.
3304 2014 3466 2064 xxrv,
3498 1999 3616 2068 29).
3657 1999 3913 2054 Gloriam

2313 2094 2576 2148 adventus
2596 2094 2677 2147 sui
2707 2102 2760 2148 et
2785 2093 3048 2149 claritatis
3077 2093 3309 2148 reditum
3340 2091 3544 2150 indicat
3566 2092 3909 2149 obscuritate

2314 2185 2446 2240 solis
2466 2227 2479 2248 .
2501 2185 2804 2242 delectione
2835 2186 3000 2250 lunae,
3031 2200 3160 2240 casu
3185 2185 3486 2248 stellarum,
3511 2186 3770 2240 virtutum
3796 2201 3919 2241 cte-

2315 2278 2529 2334 lestium
2557 2287 2703 2332 motu
2731 2319 2745 2344 ,
2780 2279 3094 2334 ostensione
3121 2277 3263 2348 signi
3311 2277 3566 2332 salutaris
3591 2320 3606 2343 ,
3650 2279 3920 2333 lamenta-

2315 2372 2462 2427 tione
2492 2373 2732 2442 gentium
2768 2371 3206 2442 cognoscentium
3236 2369 3404 2424 ﬁlium
3449 2367 3686 2425 hominis
3730 2371 3784 2425 in
3817 2370 3919 2426 Dei

2314 2464 2482 2536 gloria
2513 2505 2530 2530 ,
2559 2474 2615 2520 et
2635 2465 2701 2519 ad
2748 2465 3123 2521 collectionem
3180 2472 3490 2518 sanctorum
3543 2462 3920 2520 destinatione

2314 2557 2628 2626 angelorum
2657 2573 2778 2612 cum
2807 2559 2970 2623 tabat,
2997 2557 3048 2612 id
3081 2567 3197 2622 est,
3235 2555 3348 2625 jam
3386 2555 3615 2625 publicae
3645 2554 3922 2610 libertatis

2323 2649 2538 2706 hortatu
2569 2651 2641 2723 (ᾖ
2692 2655 2760 2708 5:0
2803 2661 2857 2707 et
2883 2650 3000 2722 51).
3033 2650 3124 2706 Sic
3151 2650 3256 2705 erit
3279 2648 3347 2703 de
3374 2664 3542 2718 grano
3585 2649 3795 2718 sinapis
3828 2665 3923 2704 ar-

2315 2745 2415 2801 bor
2443 2745 2632 2816 ingens
2679 2743 2905 2816 (Matth.
2939 2760 3069 2810 xm,
3097 2745 3232 2811 51):
3261 2743 3340 2799 sic
3383 2741 3452 2797 de
3496 2741 3673 2813 lapide
3713 2744 3922 2798 montis

2316 2839 2548 2895 contrita
2572 2838 2802 2908 imagine
2831 2836 3019 2892 orbem
3052 2845 3211 2892 terrm
3251 2849 3408 2890 mons
3435 2849 3711 2901 occupans
3734 2832 3921 2905 (Dan.

2317 2942 2352 2987 tt
2375 2975 2390 3000 ,
2424 2933 2519 3003 54)
2552 2949 2564 2985 :
2593 2931 2672 2986 sic
2697 2929 2886 2985 civitas
2924 2929 3175 2985 omnibus
3212 2927 3644 2998 contemplabilis
3684 2929 3706 2997 (
3725 2927 3923 2982 Matth.

2317 3041 2370 3091 v,
2407 3027 2472 3080 14
2500 3022 2665 3094 ct15)
2697 3042 2710 3078 :
2745 3024 2826 3078 sic
2847 3023 3030 3078 lucens
3054 3021 3328 3077 universis
3349 3021 3528 3074 lumen
3559 3018 3633 3090 (c)
3655 3020 3707 3072 in
3735 3019 3884 3090 ligno
3907 3036 3928 3074 :

2318 3117 2399 3172 sic
2417 3133 2484 3172 cx
2511 3116 2816 3171 humilitate
2843 3115 3035 3170 mortis
3066 3112 3147 3182 (ά)
3177 3112 3267 3168 Dei
3296 3111 3486 3183 gloria.
3525 3111 3766 3178 Quarum
3797 3127 3927 3166 orn-

625 3199 711 3253 νει
739 3199 964 3255 δίιὺιηιιο
993 3201 1060 3255 Sil
1079 3243 1094 3267 ν
1125 3201 1176 3255 id
1205 3210 1288 3257 est
1307 3244 1320 3266 ,
1346 3217 1416 3258 ne
1447 3211 1539 3257 aut
1580 3203 1632 3257 in
1668 3212 1941 3274 peccatum
1974 3203 2174 3274 frigore
2199 3245 2213 3271 ,
2243 3201 2288 3264 C
2323 3207 2468 3262 nium
2497 3223 2677 3262 rerum
2707 3206 2942 3272 indicio,
2974 3205 3114 3260 scire
3142 3218 3242 3259 nos
3273 3203 3444 3258 voluit
3474 3212 3690 3271 tempus
3719 3211 3928 3257 nostra:

627 3298 720 3345 aut
749 3291 802 3345 in
829 3295 940 3348 otio
971 3294 1236 3348 bonorum
1266 3310 1488 3364 operum
1521 3297 1858 3364 reperiantur
1887 3312 1901 3349 :
1932 3297 2056 3366 quia
2094 3310 2220 3366 gra—

629 3382 712 3436 vis
744 3383 957 3437 vexatio
997 3384 1271 3439 incumbet
1315 3396 1369 3441 et
1410 3387 1767 3442 intolerabilis
1819 3387 2069 3451 cunctis,
2120 3387 2222 3441 nisi

628 3476 772 3548 quod
817 3492 982 3532 causa
1025 3477 1322 3534 electorum
1354 3480 1450 3534 Dei
1490 3480 1680 3536 diebus
1709 3480 1816 3535 illis
1862 3481 1930 3536 sit
1983 3481 2219 3536 brevitas

627 3570 923 3638 afferenda,
941 3581 998 3626 ut
1019 3572 1124 3626 vim
1149 3572 1566 3628 incumbentium
1591 3574 1852 3628 malorum
1885 3583 2218 3630 coarctatqu

629 3663 964 3736 digrassandi
1001 3657 1209 3734 tempus
1233 3674 1523 3734 exsuperet
1549 3663 1712 3738 (Ibid.
1741 3665 1814 3720 20
1853 3675 1908 3720 et
1936 3665 2056 3734 21).

704 3756 757 3812 8.
796 3756 1370 3826 ρδεαιιορνοριιειαηιηι
1397 3767 1626 3812 conatus.
1659 3741 1887 3828 Aquilia,
1911 3758 2094 3812 sancti.
2119 3757 2227 3813 Ad-

637 3860 819 3906 ventus
846 3851 1038 3906 Christi
1077 3849 1221 3905 locus
1262 3851 1365 3917 ibi,
1411 3850 1498 3906 ubi
1527 3851 1803 3923 passionis.
1828 3881 1901 3891 —
1928 3851 1996 3906 Et
2024 3853 2144 3922 quia
2174 3853 2224 3906 in

629 3959 821 4014 magna
848 3945 1128 3999 vexatione
1181 3943 1367 4014 positis
1413 3943 1924 4014 pseudOprophetae,
1957 3956 2226 4015 tamquam

633 4049 959 4106 prmsentem
1011 4037 1064 4090 in
1091 4035 1309 4092 Christo
1337 4052 1495 4106 opem
1533 4038 1642 4092 sint
1688 4038 1973 4093 iudicaturi
2000 4078 2015 4103 ,
2048 4038 2228 4094 multis

633 4129 687 4184 in
719 4127 852 4183 locis
880 4127 1153 4184 Christum
1196 4145 1317 4185 esse
1349 4139 1510 4201 atque
1548 4131 1736 4187 haberi
1773 4134 2102 4188 mentiemur
2125 4175 2139 4199 ,
2174 4143 2232 4188 ut

632 4220 686 4276 in
714 4220 1018 4276 antichristi
1051 4221 1364 4277 famulatum
1393 4223 1683 4293 depressos
1714 4236 2039 4296 vexatosque
2065 4226 2232 4282 dedu-

631 4325 795 4380 cant;
829 4329 974 4370 nunc
1008 4316 1057 4368 iu
1089 4315 1320 4371 desertis
1346 4333 1468 4372 esse
1493 4317 1740 4373 dicentes
1765 4358 1778 4382 ,
1809 4328 1870 4374 ut
1905 4335 2091 4375 errore
2135 4319 2234 4375 dc-

635 4415 898 4475 pravcnt;
933 4421 1076 4461 nunc
1103 4405 1154 4460 in
1184 4409 1550 4477 penetralibus
1579 4419 1916 4479 asserentes,
1957 4422 2014 4466 ut
2037 4411 2112 4484 (a)
2134 4415 2233 4468 do—

637 4498 892 4552 minantis
919 4507 1186 4568 potestate
1206 4500 1531 4556 concludant
1565 4519 1578 4555 :
1607 4502 1704 4558 sed
1734 4519 1794 4558 se
1828 4504 2086 4559 Dominus
2121 4520 2226 4560 non

2325 3300 2746 3370 redemptionis,
2778 3314 2886 3369 quo
2907 3313 2980 3354 ex
3011 3297 3362 3367 corruptione
3389 3309 3678 3365 corporum
3725 3295 3778 3348 in
3823 3293 3928 3349 lio-

2293 3444 2297 3448 ,
2326 3406 2513 3447 norem
2545 3390 2804 3461 spiritalis
2833 3389 3150 3445 substantiae
3173 3387 3582 3444 transferemur.

2393 3483 2448 3537 2.
2481 3483 2675 3538 Romus
2704 3483 2834 3551 licus
2863 3481 3216 3535 antichristus.
3247 3479 3350 3547 Qui
3378 3479 3693 3551 frondescat.
3725 3508 3797 3519 -—
3817 3478 3930 3533 Co-

2324 3574 2619 3645 gnoscendi
2642 3585 2822 3628 autem
2854 3575 3112 3639 temporis
3135 3572 3347 3643 signum
3375 3573 3427 3626 in
3466 3571 3824 3626 similitudine
3856 3571 3920 3625 li-

2326 3680 2422 3722 cus
2441 3666 2651 3721 arboris
2683 3665 2857 3736 posuit
2888 3663 3102 3736 (Matth.
3138 3679 3298 3731 xxrv,
3329 3663 3421 3734 52)
3446 3682 3460 3718 :
3486 3664 3642 3734 cujus
3673 3679 3798 3718 cum
3837 3678 3932 3718 ra-

2327 3775 2448 3816 mus
2499 3769 2651 3814 tener
2681 3759 2838 3812 fuerit
2878 3770 3040 3828 atque
3069 3756 3407 3826 fronduerit,
3441 3767 3552 3812 tum
3605 3772 3774 3828 prope
3801 3772 3932 3813 esse

2328 3860 2489 3905 a-stas
2519 3851 2848 3922 intelligitur.
2896 3851 3001 3906 Sed
3049 3851 3208 3921 longe
3250 3851 3352 3904 alia
3389 3861 3576 3905 natura
3627 3861 3680 3905 et
3719 3851 3932 3906 aestatis

2329 3952 2384 3998 et
2405 3944 2614 3999 arboris
2643 3952 2742 3998 est.
2774 3943 2829 3999 lu
2870 3943 3013 3998 veris
3042 3943 3216 4014 (verni
3249 3941 3536 4014 temporis)
3577 3943 3720 3998 enim
3753 3942 3927 3997 initiis

2331 4034 2642 4091 intumescit
2671 4053 2684 4090 :
2714 4044 2767 4090 et
2791 4051 2896 4089 non
2924 4035 3174 4104 exiguum
3207 4043 3418 4104 tempus
3443 4044 3527 4090 est
3556 4033 3814 4100 medium,
3848 4036 3934 4089 in-

2333 4142 2416 4188 ter
2445 4131 2497 4186 id
2527 4131 2670 4202 quod
2711 4140 2870 4186 testas
2919 4130 3148 4200 ingruit,
3195 4138 3251 4184 et
3289 4131 3496 4186 arboris
3543 4143 3724 4184 ramus
3775 4138 3932 4184 tene-

2332 4223 2494 4278 rcscit
2527 4223 2577 4276 in
2606 4221 2844 4277 frondes.
2879 4219 2956 4274 Ex
2983 4236 3110 4289 quo,
3142 4236 3248 4274 non
3277 4219 3346 4274 de
3378 4220 3571 4274 arbore
3596 4219 3698 4274 hoc
3726 4218 3935 4273 dictum

2334 4330 2454 4372 esse
2477 4315 2802 4370 noscendum
2848 4324 2949 4370 est.
2983 4313 3052 4368 Et
3074 4313 3288 4384 quidem
3329 4313 3438 4383 jam
3471 4313 3719 4382 superius
3746 4312 3814 4367 de
3844 4328 3940 4366 ar-

2334 4410 2482 4468 boris
2508 4410 2662 4465 istius
2685 4409 3013 4480 proprietate
3044 4403 3392 4462 tractavimus
3418 4405 3599 4477 (c.21,
3630 4423 3683 4459 η.
3715 4405 3796 4475 8).
3821 4405 3942 4459 Hu—

2332 4503 2420 4574 jus
2446 4503 2608 4558 etiam
2642 4501 2780 4556 foliis
2809 4500 2977 4555 Adam
3008 4500 3236 4571 legimus
3267 4498 3508 4553 indutum
3536 4538 3552 4564 ,
3582 4507 3638 4553 et
3667 4497 3941 4568 pudorem

636 4590 758 4645 loco
781 4591 1135 4646 occulenduin
1161 4634 1174 4658 ,
1203 4609 1300 4648 nec
1346 4609 1375 4648 a
1427 4594 1657 4666 singulis
1699 4596 2062 4651 contuendum
2109 4611 2230 4652 esse
2258 4591 2311 4652 D
2335 4597 2680 4652 conscientia:
2720 4596 2956 4660 texisse,
2992 4595 3043 4648 id
3071 4604 3184 4660 est,
3217 4603 3488 4664 tamquam
3539 4594 3746 4662 peccati
3785 4602 3942 4648 veste

639 4684 952 4754 profitetur;
987 4685 1080 4740 sed
1115 4687 1436 4757 ubicumque
1473 4695 1528 4743 et
1566 4687 1619 4742 in
1650 4697 1943 4760 conspectu
1985 4678 2226 4745 omnium

638 4786 960 4846 prensantem
990 4778 1227 4832 futurum
1250 4780 1410 4833 modo
1443 4780 1696 4851 fulguris,
1735 4781 1877 4851 quod
1924 4782 1993 4837 ab
2023 4783 2230 4838 oriente

639 4872 864 4940 elatum,
891 4872 1072 4928 lumen
1095 4889 1249 4929 suum
1279 4889 1450 4946 usque
1467 4874 1534 4930 ad
1557 4875 1852 4932 occidentis
1874 4876 2058 4948 plagas
2080 4891 2232 4949 spar-

710 5088 784 5160 (a)
807 5086 966 5160 Editi,
997 5083 1734 5160 dominantes._Rectiusgmss.
1759 5083 2092 5160 dominantis,
2113 5094 2238 5160 puta

640 5155 966 5217 antichristi.
999 5158 1116 5212 Mox
1139 5172 1227 5209 nec
1254 5172 1286 5208 a
1312 5156 1553 5226 singulis,
1588 5155 1636 5209 id
1662 5164 1746 5210 est
1768 5197 1782 5218 .
1814 5170 1912 5210 nec
1950 5171 1979 5209 a
2009 5155 2233 5225 privatis

641 5245 695 5290 et
725 5231 950 5287 seorsiin
985 5227 1175 5300 positis
1199 5267 1214 5294 ,
1245 5228 1436 5296 quibus
1479 5226 1676 5282 deinde
1701 5237 1990 5297 opponitur
2015 5227 2068 5280 in
2110 5242 2233 5281 con-

641 5313 815 5376 spectu
827 5302 1083 5376 omnium.

714 5373 954 5448 (b),ll_t_iic
980 5369 1166 5448 Hilarii
1202 5368 1644 5448 interpretationi
1676 5369 1847 5425 lucem
1872 5368 2118 5448 mutuari
2151 5377 2235 5424 est

643 5439 827 5504 ex‘ln's
857 5443 1167 5515 Hieronymi
1202 5442 1252 5496 in
1273 5441 1528 5515 cunidetn
1559 5439 1732 5495 locum
1771 5441 1951 5515 verbis
1986 5440 2234 5515 A:_Possu-

644 5535 758 5573 mus
787 5527 954 5572 autem
984 5512 1192 5583 corpus,
1228 5512 1282 5565 id
1306 5521 1415 5576 est,
1444 5519 1634 5583 πτῶμα
1655 5551 1667 5574 ,
1691 5513 1829 5581 quod
1862 5512 2237 5582 signiﬁcantius

646 5591 804 5645 latine
822 5588 1012 5641 dicitur
1042 5582 1288 5648 cadaver,
1320 5585 1385 5636 ab
1413 5599 1469 5637 eo
1500 5582 1636 5653 quod
1679 5599 1768 5655 per
1797 5592 2008 5636 mortem
2047 5583 2235 5650 cadat,

648 5661 938 5730 passionem
964 5655 1157 5730 Christi
1194 5655 1494 5730 intelligere.

726 5728 797 5797 (ι’)
827 5727 954 5797 liud.
998 5736 1052 5779 ct
1096 5727 1183 5797 Er.
1217 5729 1268 5777 in
1293 5723 1418 5779 Iino.
1450 5726 1572 5780 Par.
1623 5728 1678 5797 in
1706 5724 1894 5795 lychno
1917 5765 1932 5789 ,
1961 5725 2104 5795 quod
2135 5723 2245 5797 pri-

657 5794 800 5847 mum
835 5794 1045 5863 Lipsius
1088 5795 1153 5847 de
1175 5809 1274 5848 suo
1311 5808 1585 5863 posuerat.
1618 5794 1747 5850 Nam
1779 5809 1966 5850 omnes
1985 5794 2123 5850 mss.
2152 5796 2245 5849 ha-

2336 4689 2438 4745 sub
2459 4688 2576 4759 lcge
2616 4687 3026 4742 circumdatum.
3070 4685 3274 4741 Ratnus
3296 4685 3455 4755 igitur
3481 4685 3611 4738 licus
3649 4684 3944 4739 antichris-

2335 4790 2423 4836 tus
2459 4795 2582 4836 esse
2627 4779 2976 4846 intelligitur,
3025 4778 3222 4833 diaboli
3271 4778 3412 4832 filius
3435 4819 3449 4842 ,
3481 4777 3684 4848 peccati
3718 4777 3899 4846 portio
3923 4818 3940 4843 ,

2337 4875 2472 4946 legis
2520 4885 2776 4930 assertor.
2809 4871 2911 4940 Qui
2959 4886 3082 4926 cum
3129 4881 3470 4928 tenerescere
3513 4871 3742 4943 cmperit
3779 4881 3946 4942 atque

2343 5083 2474 5139 bent
2495 5081 2549 5135 in
2579 5080 2716 5152 ligno
2754 5095 2773 5134 :
2799 5093 2905 5148 quo
2928 5077 3148 5134 nomine
3168 5077 3463 5152 commode
3491 5076 3810 5152 intelligitur
3837 5078 3946 5150 lig-

2344 5169 2471 5210 num
2500 5148 2695 5217 crucis,
2740 5152 2792 5204 in
2824 5165 2931 5220 quo
2954 5159 3221 5217 tamquam
3252 5149 3304 5203 in
3332 5148 3657 5220 candelabro
3681 5148 3946 5204 Christus

2324 5226 2434 5280 -lux
2459 5239 2584 5279 vcra
2610 5219 2860 5292 omnibus
2881 5236 2940 5275 se
2960 5221 3309 5292 spectabilem
3332 5219 3589 5292 prmbnit.
3613 5219 3748 5274 Hinc
3778 5235 3944 5283 supra

2343 5312 2464 5365 cap.
2497 5298 2553 5360 4,
2590 5313 2643 5349 n.
2672 5294 2738 5348 1⁵5
2765 5311 2777 5346 :
2801 5291 2923 5345 lant
2947 5290 3154 5346 lucerna
3174 5290 3463 5365 Christi}...
3485 5294 3536 5365 in
3555 5291 3684 5365 ligni
3702 5292 3946 5365 passione

2346 5359 2595 5436 suspensa
2614 5407 2628 5432 ,
2677 5365 2846 5418 lumen
2879 5375 3127 5420 a'ternunt
3156 5376 3226 5416 est
3254 5365 3305 5415 in
3336 5359 3569 5415 Ecclesia
3597 5359 3945 5416 habitantibus

2379 5439 2638 5492 rwbitura.

2341 5455 2638 5508 prwmtura.

2416 5511 2493 5580 (ά)
2531 5507 2669 5563 Editi
2707 5522 2837 5580 cum
2886 5504 3128 5580 pluribus
3159 5518 3299 5580 mss.
3330 5502 3946 5580 Detls_glo_1:lt!?._Pl_‘:c_f¢-

2347 5574 2518 5636 rimus
2543 5595 2661 5634 cum
2695 5578 2849 5633 Colb.
2889 5574 2956 5632 'et
3005 5575 3168 5631 Carn.
3207 5575 3300 5628 Dei
3353 5575 3539 5646 gloria.
3582 5574 3732 5629 Haud
3769 5574 3946 5646 _lllll)l0

2345 5651 2487 5708 enim
2521 5649 2774 5706 alluditnr
2803 5649 2869 5704 ad
2909 5648 3075 5702 verba
3102 5646 3255 5702 Pauli
3280 5644 3419 5701 Phil.
3441 5661 3512 5713 ιι,
3537 5648 3731 5714 quibus
3751 5644 3942 5700 Chris-

2344 5732 2428 5780 tus
2458 5723 2508 5776 in
2536 5722 2705 5800 gloria
2753 5722 2844 5776 Dei
2893 5719 3216 5800 praedicatur
3243 5733 3310 5775 eo
3335 5717 3478 5788 quod
3517 5731 3577 5774 se
3632 5716 3933 5772 bumiliavit

2347 5799 2515 5863 usque
2541 5791 2604 5850 ad
2634 5803 2860 5849 mortem
2892 5791 3088 5848 'crncis.
