4222 6262
288 284 427 341 1057

1180 280 1720 341 COMMENTARIUS
1750 283 1815 340 IN
1848 284 2287 346 MATTlI/EUM.
2326 290 2482 348 CAP.
2523 292 2737 351 Χλγιι.

3450 250 3606 357 1058,

291 398 637 455 frondescere
657 438 672 465 ,
702 403 831 454 tunc
856 394 1100 470 proxima
1130 409 1252 453 esse
1277 406 1436 453 testas
1455 439 1470 464 ,
1515 397 1566 452 id
1611 405 1694 453 est
1713 438 1729 465 ,
1775 397 1891 454 dies
1918 397 1973 461 Α
1996 400 2100 457 alio
2129 412 2427 474 assumpto.
2450 454 2459 465 ,
2483 406 2563 463 De
2593 407 2918 465 molentibus
2947 422 3160 480 quoque
3191 423 3286 480 par
3317 408 3456 465 ratio
3483 420 3587 467 est.

285 492 473 563 jinlicii
503 493 792 549 sentietur.
816 490 1186 547 Frondescere
1224 498 1403 546 autem
1447 490 1677 561 quadam
1706 503 1894 561 pecca-

289 593 468 641 torum
522 585 906 643 exsultantium
950 582 1219 639 viriditate
1268 592 1524 638 noscetur
1557 603 1570 639 :
1598 583 1702 638 erit
1749 582 1893 638 enim

291 686 405 732 tum
431 676 536 734 ﬁos
562 678 976 734 criminosorum
996 715 1013 743 ,
1046 685 1102 731 et
1129 675 1303 731 honor
1332 675 1753 731 facinorosorum
1778 717 1793 741 ,
1840 683 1897 731 et

291 771 463 843 gratia
492 771 834 841 profanorum
869 791 882 823 :
916 768 1112 840 quibus
1142 776 1321 825 tamen
1347 776 1529 837 testas,
1554 768 1606 824 id
1626 777 1729 837 est,
1747 767 1897 824 calor

293 865 484 922 aeterni
512 864 651 936 ignis
674 865 727 919 in
755 863 1004 936 proximo
1030 872 1136 919 est.

363 958 420 1014 ὅ.
464 957 641 1029 Atque
672 966 732 1013 ut
755 957 890 1014 ﬁdes
921 966 1067 1014 certa
1089 966 1239 1014 esset
1267 956 1570 1013 futurorum
1593 999 1608 1024 ,
1638 956 1788 1012 amen
1816 956 1896 1012 di-

295 1047 470 1105 cendo
519 1048 856 1119 professione
909 1049 1188 1117 veritatis,
1245 1049 1445 1118 adjecit
1492 1049 1897 1120 generationem

298 1152 537 1201 neatram
566 1144 845 1214 prmlerire
865 1157 973 1198 non
995 1156 1177 1214 posse,
1194 1141 1298 1197 nisi
1320 1142 1567 1199 universa
1593 1142 1693 1198 ista
1724 1152 1899 1197 trans-

301 1244 616 1301 currerent,
659 1249 829 1305 eaque
863 1250 982 1305 qua:
1048 1233 1198 1289 ﬁrma
1245 1234 1650 1298 existimantur,
1703 1233 1900 1289 coelum

304 1329 556 1385 videlicet
579 1338 633 1384 et
665 1338 885 1392 terram,
906 1343 1014 1383 non
1040 1326 1249 1393 futura;
1282 1327 1446 1383 verba
1468 1337 1647 1383 autem
1669 1342 1764 1383 sua
1792 1342 1898 1382 non

306 1436 467 1492 posse
495 1436 600 1476 non
626 1436 747 1477 esse
780 1438 794 1475 :
825 1419 988 1494 792
1017 1421 1140 1491 quia
1169 1421 1261 1475 illa
1302 1435 1367 1477 ex
1397 1420 1705 1476 conditione
1744 1436 1900 1477 erea-

307 1514 467 1569 tionis
488 1512 700 1581 sutcpid
728 1523 831 1581 est,
859 1516 1097 1585 profecta
1130 1513 1277 1586 (mss.
1310 1514 1566 1584 perfecta)
1592 1514 1659 1570 de
1693 1514 1862 1569 nihilo
1882 1554 1898 1582 ,

305 1606 538 1662 habeant
567 1606 618 1660 id
642 1606 695 1661 in
722 1621 781 1662 se
816 1607 1157 1663 necessitatis
1181 1615 1238 1661 ut
1266 1622 1371 1660 non
1399 1606 1501 1660 sint
1524 1622 1539 1672 ;
1578 1606 1694 1661 haec
1719 1616 1899 1662 autem

308 1715 374 1756 ex
396 1700 698 1756 aeternitate
724 1699 977 1762 deducta,
1010 1699 1139 1755 idin
1171 1714 1230 1755 se
1260 1698 1572 1755 contineant
1600 1700 1815 1757 virtutis
1842 1709 1902 1757 ut

306 1799 559 1848 maneant
588 1791 751 1862 (Ibid.
780 1792 847 1847 54
872 1803 926 1846 ct
947 1789 1061 1863 '55).

377 1881 433 1937 4.
480 1882 630 1938 Finis
672 1893 959 1954 temporum
1002 1899 1094 1936 cur
1118 1899 1222 1938 non
1249 1882 1514 1952 deﬁnitus.
1555 1911 1627 1924 —-
1669 1883 1747 1939 De
1797 1882 1902 1938 line

310 1987 490 2033 autem
515 1985 821 2046 temporum
842 1990 1026 2030 curam
1047 1974 1431 2030 sollicitudinis
1454 1984 1654 2030 nostra:
1679 1973 1903 2042 ademit,

313 2067 459 2125 diem
492 2068 645 2122 illum
674 2066 858 2122 dicens
884 2081 1006 2123 esse
1034 2065 1236 2122 nemini
1267 2066 1566 2138 cognitum,
1600 2074 1656 2119 et
1682 2081 1790 2120 non
1812 2080 1905 2120 so-

310 2160 423 2217 lum
450 2159 676 2231 angelis,
703 2159 799 2215 sed
824 2159 985 2215 etiam
1018 2158 1117 2215 sibi
1148 2159 1455 2229 ignoratum
1500 2157 1666 2231 (Ibid.
1695 2157 1811 2232 56).
1862 2158 1908 2214 0

313 2254 509 2311 divinas
523 2252 1225 2309 bonitatisinaestimabilem
1253 2242 1711 2309 misericordiam!
1737 2252 1907 2308 Num-

315 2347 442 2419 quid
487 2347 630 2402 Deus
680 2354 834 2415 pater
861 2343 1235 2417 cognitionem
1277 2344 1423 2411 diei,
1471 2344 1682 2400 celandi
1713 2344 1908 2400 Filium

317 2439 617 2511 proposito,
649 2439 967 2511 abnegavit;
1000 2453 1124 2493 cum
1153 2436 1356 2493 dictum
1383 2437 1451 2492 ab
1477 2452 1543 2494 eo
1572 2438 1643 2493 sit
1677 2458 1691 2493 :
1726 2436 1913 2494 Omnia

317 2530 442 2588 mihi
471 2551 504 2589 a
539 2541 681 2604 patre
711 2548 823 2588 meo
863 2533 1053 2586 tradita
1074 2540 1193 2587 sunt
1219 2530 1238 2602 (
1262 2528 1451 2585 Matth.
1475 2547 1549 2598 XI,
1582 2530 1654 2585 27
1675 2532 1739 2603 )?
1770 2532 1912 2604 Ergo

320 2645 427 2684 non
469 2628 650 2685 omnia
691 2636 856 2697 sunt,
908 2625 956 2681 si
982 2634 1066 2683 est
1093 2625 1294 2697 aliquid
1329 2624 1471 2695 quod
1503 2637 1750 2697 negatur.
1805 2624 1913 2683 Sed

320 2721 442 2795 quia
464 2720 534 2776 ad
555 2735 654 2776 nos
683 2720 863 2777 omnia
892 2738 921 2776 a
944 2721 1106 2776 Patre
1126 2728 1344 2791 accepta
1367 2718 1680 2786 deveheret,
1710 2718 1916 2789 Deique

322 2816 557 2872 Verbum
589 2831 695 2871 non
724 2824 833 2871 tam
862 2814 1025 2870 futuri
1058 2815 1110 2869 in
1142 2829 1202 2869 se
1230 2814 1388 2870 ﬁdem
1413 2815 1723 2877 contineat,
1754 2827 1915 2883 quam

322 2907 488 2972 facti;
518 2908 641 2965 ideo
667 2916 819 2964 extra
845 2907 1215 2963 deﬁnitionem
1243 2907 1361 2963 dies
1391 2906 1564 2977 posita
1595 2914 1698 2967 cst.
1734 2914 1792 2960 ut
1814 2907 1919 2961 lar-

322 3016 448 3072 gum
480 3000 605 3056 licet
634 3000 778 3056 Deus
804 2999 1135 3070 pmnitentizc
1167 2999 1323 3054 nobis
1349 3008 1562 3068 tempus
1589 2997 1875 3067 indulgens
1901 3039 1916 3063 ,

327 3092 520 3150 incerti
548 3100 727 3148 tamen
755 3102 904 3147 metu
931 3106 1148 3161 semper
1174 3105 1273 3146 nos
1302 3088 1567 3145 sollicitos
1610 3089 1912 3157 detineret;

328 3199 384 3245 et
410 3188 528 3260 ipse
550 3232 566 3257 ,
602 3187 736 3243 nulli
781 3186 1053 3258 loquendo
1083 3186 1414 3242 voluntatem
1447 3183 1521 3256 (α)
1554 3184 1717 3239 dandi
1756 3183 1916 3254 hujus
1947 3171 1993 3234 C

328 3278 434 3335 diei
455 3320 471 3345 ,
517 3279 660 3334 nulla
688 3276 819 3334 dicti
848 3277 932 3332 sui
960 3276 1274 3333 deﬁnitione
1303 3276 1582 3332 cohiberet
1612 3317 1627 3342 ,
1679 3275 1803 3346 quia
1834 3289 1915 3330 sc-

329 3373 562 3431 cundum
590 3372 778 3428 diluvii
820 3380 1032 3441 tempus
1056 3410 1072 3433 ,
1109 3371 1159 3425 in
1193 3370 1312 3439 ipso
1341 3369 1467 3425 vita:
1510 3377 1713 3424 nostra:
1761 3382 1921 3423 cursu

333 3465 514 3521 omnia
544 3463 825 3537 agentibus
855 3462 930 3535 (b)
955 3478 1019 3519 ac
1048 3463 1400 3533 patientibus,
1430 3476 1657 3532 magnus
1688 3461 1781 3517 ille
1806 3459 1923 3517 dies

302 3557 506 3629 _aderit
528 3555 744 3630 (Matth.
778 3570 927 3620 xxiv,
955 3555 1070 3625 58).

404 3649 457 3705 5.
488 3648 743 3704 Discretio
773 3647 1003 3718 ﬁdelium
1027 3657 1074 3704 et
1097 3648 1400 3718 inﬁdelium.
1425 3644 1730 3701 Judworum
1754 3644 1894 3699 credi
1904 3671 1924 3687 -

337 3750 569 3797 turorum
599 3749 646 3795 et
665 3756 766 3795 non
792 3740 1184 3806 crediturorum,
1210 3739 1570 3795 haereticorum
1592 3749 1638 3793 et
1658 3738 1929 3793 catholico-

336 3853 473 3891 runt.
495 3866 567 3877 ——
592 3835 731 3903 Quin
762 3836 923 3892 etiam
951 3837 1004 3890 in
1029 3834 1370 3890 assumendis
1406 3834 1661 3891 fidelibus
1688 3834 1927 3889 futurum

337 3945 457 3986 esse
482 3929 775 3985 discrimen
804 3927 1043 3984 ostendit
1064 3969 1079 3994 ,
1130 3943 1250 3983 cum
1282 3927 1492 3983 duobus
1526 3928 1577 3982 in
1620 3941 1751 3998 agro
1780 3927 1928 3997 posi-

340 4024 432 4087 tis,
459 4006 767 4077 assumatur
789 4036 929 4077 unus
953 4062 967 4088 ,
991 4028 1048 4076 et
1068 4018 1206 4076 alius
1235 4020 1607 4090 relinquatur;
1642 4029 1696 4073 et
1721 4018 1932 4073 duabus

340 4114 689 4181 molentibus,
722 4114 1059 4184 improbetur
1081 4112 1274 4177 altera,
1303 4120 1358 4166 et
1381 4112 1548 4166 altera
1571 4111 1831 4180 eligatur;
1878 4118 1935 4165 et

339 4222 406 4264 ex
436 4207 649 4263 duobus
676 4207 767 4278 qui
801 4207 852 4260 in
882 4207 1020 4261 lecto
1047 4214 1202 4259 erunt
1230 4243 1246 4269 ,
1281 4201 1560 4258 adlucreat
1587 4216 1724 4256 unus
1749 4242 1766 4267 ,
1795 4200 1935 4255 alter

341 4301 641 4357 deseratur.
683 4297 981 4354 luﬁdelium
1009 4298 1154 4353 enim
1179 4305 1235 4351 et
1273 4293 1513 4351 ﬁdelium
1555 4293 1847 4349 discrimen
1880 4292 1933 4348 in

342 4392 710 4466 relinquendis
773 4392 895 4449 aliis
956 4401 1010 4448 et
1057 4390 1179 4447 aliis
1216 4388 1557 4446 assumendis
1602 4387 1784 4445 docet.
1838 4387 1934 4444 Dei

343 4487 488 4543 enim
518 4488 595 4542 ira
628 4486 1036 4557 ingravescente
1064 4483 1237 4540 sancti
1285 4481 1382 4555 (ut
1424 4479 1687 4551 propheta
1729 4478 1845 4551 ait)
1880 4478 1935 4533 in

1991 493 2151 561 Mola.
2180 511 2317 568 opus
2348 498 2480 570 legis
2507 509 2609 556 est.
2636 500 2745 558 Sed
2774 500 2896 572 quia
2919 517 3045 571 pars
3065 502 3376 559 Judacorum
3399 513 3460 559 ut
3484 519 3584 575 per

1994 589 2269 657 apostolos
2297 589 2565 659 credidit,
2614 593 2685 647 ita
2718 608 2816 664 per
2853 588 3025 650 Eliam
3055 602 3141 651 est
3180 594 3488 662 creditura,
3538 604 3593 651 ct

1989 677 2333 750 justiﬁcanda
2360 697 2456 752 per
2489 682 2685 739 ﬁdem:
2738 682 2862 740 ideo
2896 700 3000 739 una
3030 700 3127 755 per
3151 684 3398 742 eamdem
3426 684 3592 741 ﬁdem

1996 770 2124 826 boni
2147 773 2327 843 operis
2338 774 2794 845 apprehendetur,
2816 776 2921 831 alia
2938 793 3067 833 vero
3084 776 3156 850 (c)
3181 778 3231 832 in
3258 777 3596 835 infructuose

1998 861 2135 935 legis
2161 878 2327 935 Opere
2351 866 2688 938 relinquetur
2712 910 2727 936 ,
2773 869 2986 926 molens
3019 870 3072 925 in
3099 885 3316 927 cassum
3342 912 3359 939 ,
3407 881 3461 928 et
3490 886 3599 930 non

1999 954 2202 1012 factura
2229 958 2469 1015 caelestis
2493 961 2600 1017 cibi
2626 976 2842 1033 panem.
2869 964 2986 1020 Duo
3006 974 3182 1021 autem
3203 965 3405 1021 suntin
3433 966 3597 1035 lecto,

1999 1052 2245 1108 eamdem
2280 1054 2548 1123 passionis
2584 1055 2872 1113 dominicae
2909 1060 3148 1129 requiem
3192 1058 3591 1130 praedicantes:

2001 1144 2145 1200 circa
2171 1156 2413 1215 quamet
2456 1146 2830 1205 haereticorum
2881 1157 2936 1204 et
2973 1149 3359 1206 catholicorum
3406 1151 3596 1208 eadem

2002 1244 2165 1308 atque
2194 1250 2300 1293 una
2325 1239 2596 1296 confessio
2623 1249 2726 1296 est.
2760 1240 2867 1296 Sed
2897 1242 3020 1312 quia
3051 1243 3309 1299 unitatem
3348 1243 3525 1299 Patris
3548 1252 3604 1301 et

2003 1329 2147 1395 Filii,
2182 1331 2260 1404 (d)
2288 1340 2342 1386 et
2364 1347 2708 1391 communem
2732 1349 2923 1389 eorum
2949 1334 3267 1402 tbcotetam,
3303 1351 3462 1406 quam
3487 1336 3605 1393 dei-

2006 1431 2171 1479 tatem
2201 1438 2597 1496 nuncupamus,
2625 1425 3019 1481 catholicorum
3042 1427 3240 1483 veritas
3262 1426 3600 1497 prtedicabit,

2005 1523 2060 1569 et
2079 1513 2326 1571 eamdem
2349 1531 2561 1572 rursum
2582 1516 2826 1587 plurimis
2859 1518 3203 1573 contumeliis
3223 1518 3603 1575 haereticorum

2007 1596 2212 1663 falsitas
2237 1608 2571 1680 impugnabit
2596 1625 2611 1676 ;
2644 1609 2846 1665 idcirco
2872 1625 2938 1665 ex
2966 1610 3177 1666 duobus
3208 1610 3263 1667 in
3292 1611 3438 1668 lecto
3461 1612 3602 1668 alius

2007 1699 2363 1771 relinquetur,
2396 1713 2451 1757 et
2474 1702 2612 1756 alius
2639 1714 2986 1758 assumetnr:
3020 1704 3142 1775 quia
3185 1703 3345 1760 ﬁdem
3387 1704 3605 1760 confes-

1931 1786 1980 1846 B
2008 1792 2177 1848 sionis
2220 1793 2503 1864 utriusque
2546 1792 2599 1849 in
2653 1810 2760 1850 uno
2803 1796 3172 1864 assumendo,
3217 1796 3406 1852 etalio
3435 1796 3607 1852 relin-

2008 1885 2246 1954 quando,
2273 1883 2442 1939 divini
2484 1885 2694 1939 arbitrii
2716 1885 2977 1954 judicium
3005 1886 3404 1956 comprobabit.

2079 1973 2241 2048 793
2291 1975 2344 2030 6.
2386 1975 2688 2048 Vigilantia:
2727 1977 3015 2032 necessitas.
3047 2008 3118 2018 ——
3142 1978 3320 2049 Atque
3361 1986 3421 2034 ut
3457 1976 3609 2051 igno-

2009 2070 2241 2124 rantiam
2294 2069 2440 2124 illam
2488 2068 2595 2123 diei
2640 2069 2891 2124 omnibus
2935 2070 3123 2135 taciti,
3174 2085 3281 2125 non
3312 2070 3431 2125 sine
3461 2070 3611 2126 utilis

2012 2159 2217 2215 silentii
2248 2159 2461 2216 ratione
2486 2174 2606 2216 esse
2644 2160 2942 2227 sciremus;
2994 2162 3215 2232 vigilare
3244 2177 3344 2218 nos
3385 2174 3608 2234 propter

2011 2250 2298 2306 adventum
2335 2249 2469 2305 furis
2498 2251 2818 2319 admonuit,
2864 2260 2918 2305 et
2956 2251 3262 2308 orationum
3291 2252 3609 2310 assiduitate

2013 2343 2264 2399 detentos
2286 2343 2534 2400 omnibus
2564 2353 2958 2413 praeceptorum
2987 2359 3205 2399 suorum
3233 2345 3492 2415 operibus
3525 2345 3612 2400 in-

2015 2437 2222 2493 haerere
2250 2434 2270 2510 (
2293 2435 2481 2490 Matth.
2512 2452 2665 2502 xxrv,
2696 2435 2824 2507 45).
2874 2436 3071 2491 Furem
3102 2438 3248 2493 enim
3274 2452 3395 2493 esse
3425 2446 3612 2494 osten-

2017 2529 2096 2585 dit
2121 2528 2394 2585 diabolttm
2414 2570 2430 2596 ,
2482 2529 2550 2584 ad
2580 2528 2912 2585 detrahenda
2939 2545 3003 2585 ex
3035 2530 3190 2585 nobis
3219 2530 3393 2601 spolia
3436 2530 3617 2602 pervi-

2015 2620 2204 2692 gilem,
2234 2630 2285 2676 et
2315 2635 2605 2692 corporum
2638 2631 2943 2678 nostrorum
2970 2622 3223 2679 domibus
3268 2624 3613 2680 insidiantem

2018 2723 2077 2769 ut
2103 2729 2187 2781 ea,
2217 2714 2507 2771 incuriosis
2540 2715 2695 2772 nobis
2718 2726 2772 2771 et
2794 2730 2987 2772 somno
3012 2715 3229 2781 deditis,
3258 2717 3608 2773 consiliorum

2020 2826 2242 2868 suorum
2274 2823 2434 2884 atque
2469 2812 2846 2870 illecebrarum
2888 2812 3077 2884 jaeulis
3109 2812 3397 2884 perfodiat.
3449 2812 3618 2869 Para-

2023 2914 2107 2962 tos
2132 2906 2296 2977 igitur
2330 2922 2453 2966 esse
2479 2922 2578 2962 nos
2604 2906 2893 2963 convenit:
2940 2908 3064 2978 quia
3095 2905 3203 2963 diei
3235 2907 3500 2978 ignoratio
3533 2908 3616 2963 in-

2025 3006 2227 3077 tentam
2258 2998 2678 3056 sollicitudinem
2714 3014 2993 3069 suspensa:
3023 2998 3444 3070 exspectationis
3486 3012 3619 3056 exa-

2022 3090 2175 3162 gitet.

2570 3213 2798 3272 CAPUT
2839 3213 3051 3272 XXVII.

2024 3351 2104 3408 De
2130 3369 2271 3409 servo
2300 3353 2443 3425 ﬁdeli
2468 3371 2615 3424 quem
2640 3355 2905 3411 constituit
2925 3354 3166 3410 dominus
3189 3369 3340 3425 super
3369 3348 3624 3426 familiam

2096 3460 2243 3499 suam
2264 3487 2279 3514 ,
2328 3446 2391 3500 de
2425 3446 2598 3501 decem
2638 3446 2921 3520 virginibus
2941 3489 2956 3513 ,
2984 3446 3048 3501 de
3081 3446 3286 3502 homine
3316 3445 3371 3499 in
3413 3460 3623 3518 peregre

2099 3540 2326 3608 profecto
2347 3580 2361 3606 ,
2401 3539 2490 3610 qui
2520 3538 2732 3593 tradidit
2762 3533 3101 3593 substantiam
3128 3555 3273 3593 suam
3309 3537 3467 3593 servis
3492 3538 3623 3592 suis.

2104 3654 2155 3707 1.
2189 3651 2493 3724 Prwpositis
2522 3653 2806 3725 praesertim
2837 3634 3169 3725 vigilandum.
3210 3651 3485 3724 Prwpositi
3506 3651 3628 3706 dili-

2028 3745 2196 3816 gentis
2226 3761 2354 3814 opus
2392 3760 2452 3797 ac
2479 3760 2687 3798 merces.
2717 3772 2789 3783 —
2821 3743 2948 3810 Quis
2982 3759 3193 3813 namque
3214 3753 3290 3796 est
3319 3742 3489 3812 ﬁdelis
3522 3758 3630 3797 scr-

2030 3853 2122 3890 rus
2147 3846 2193 3891 et
2225 3835 2449 3906 prudens
2478 3876 2493 3902 ,
2535 3851 2682 3905 quem
2707 3834 2967 3889 constituit
2996 3832 3250 3888 Dominus
3290 3848 3441 3905 super
3476 3832 3630 3903 fami-

2033 3927 2156 3981 liam
2193 3927 2376 3981 suam?
2399 3934 2505 3981 etc.
2552 3923 2782 3998 (Matth.
2820 3939 2974 3989 xxw,
3006 3922 3137 3996 45).
3192 3923 3525 3994 Quamquam
3574 3923 3631 3980 in

2033 4033 2320 4074 commune
2370 4033 2470 4074 nos
2514 4017 2581 4073 ad
2632 4015 2957 4073 indel‘essam
3005 4016 3295 4088 vigilantiae
3323 4031 3507 4072 curam
3536 4016 3633 4072 ad-
3690 4058 3699 4067 .

2035 4112 2311 4177 hortetur;
2363 4110 2652 4183 specialem
2688 4109 2870 4166 tamen
2921 4111 3103 4181 populi
3158 4109 3529 4181 principibus,
3577 4109 3633 4166 id

2036 4216 2158 4274 est,
2204 4205 2513 4277 episcopis,
2569 4206 2622 4260 in
2669 4205 3071 4276 exspectatione
3133 4203 3474 4275 adventuque
3531 4218 3633 4260 suo

2038 4299 2459 4355 sollicitudinem
2503 4299 2742 4355 mandat.
2794 4298 2946 4354 Hunc
2994 4297 3138 4354 enim
3168 4312 3386 4354 servum
3418 4295 3636 4352 ﬁdelem

2038 4399 2201 4462 atque
2236 4391 2564 4462 prudentem
2591 4433 2607 4459 ,
2668 4391 3015 4461 praepositum
3057 4388 3280 4445 familia:
3329 4388 3635 4461 signiﬁcat,

2040 4482 2323 4539 commoda
2345 4491 2506 4554 atque
2525 4483 2785 4539 utilitates
2806 4482 3084 4538 commissi
3109 4482 3208 4537 sibi
3233 4481 3418 4552 populi
3443 4496 3638 4536 curan-

345 4579 730 4653 promptuariis
769 4577 1164 4645 recondentur;
1212 4574 1400 4647 perﬁdi
1428 4587 1559 4649 vero
1583 4572 1650 4626 ad
1698 4569 1940 4628 ctelesﬁs
1963 4564 2019 4626 D
2045 4585 2174 4632 tem.
2205 4576 2304 4644 Qui
2334 4577 2378 4632 si
2406 4576 2554 4632 dicto
2583 4576 2809 4632 audiens
2834 4587 2884 4631 et
2910 4574 3197 4647 praeceptis
3228 4573 3487 4629 obediens
3513 4574 3643 4643 erit,

346 4675 487 4746 ignis
513 4676 792 4731 materiem
834 4672 1207 4743 relinquentur
1246 4669 1467 4745 (Matth.
1499 4686 1556 4726 nt
1578 4712 1593 4737 ,
1624 4667 1741 4741 12).
1794 4668 1940 4723 Duos

348 4768 511 4839 igitur
538 4768 590 4823 in
620 4781 767 4839 agro,
800 4766 935 4822 duos
961 4765 1189 4837 populos
1208 4804 1223 4830 ,
1265 4761 1506 4817 ﬁdelium
1535 4770 1590 4818 et
1615 4760 1939 4825 inﬁdelium.

349 4863 401 4917 in
434 4860 637 4917 szeculo
663 4868 934 4930 tamquam
963 4859 1016 4914 in
1051 4858 1172 4913 vita:
1204 4855 1363 4927 hujus
1387 4869 1553 4925 opere
1579 4854 1698 4911 dies
1730 4853 1942 4910 Domini

348 4954 754 5026 deprehendet;
797 4953 1193 5025 separabuntur
1222 4958 1403 5005 tamen
1431 4990 1446 5015 ,
1481 4947 1675 5004 relicto
1702 4946 1811 5002 alio
1838 4987 1854 5014 ,
1891 4955 1946 5003 et

427 5118 765 5194 (a)\ferbum
820 5114 980 5170 dandi
1031 5111 1372 5194 desideratur:
1406 5109 1460 5166 in
1512 5124 1618 5194 ms.
1648 5107 1928 5194 Beccensi.

354 5180 743 5251 Vult'llilarius
772 5197 1018 5258 tempus,
1051 5199 1158 5256 quo
1194 5184 1334 5239 Deus
1358 5182 1667 5258 httnc__t_liem
1692 5180 1936 5258 decrevit

354 5267 479 5322 ideo
503 5279 531 5318 a
561 5261 781 5334 Christo
810 5252 915 5334 non
944 5252 1269 5334 declaratum
1287 5296 1303 5323 ,
1332 5263 1392 5309 ttt
1422 5253 1621 5334 nullius
1661 5252 1934 5334 pmniten:

356 5339 484 5393 tiam
541 5333 839 5390 cohiberet.
864 5330 1124 5398 Quocirca
1172 5323 1657 5398 interpunctionem
1714 5323 1940 5398 mutavi:

359 5391 480 5464 inus
500 5448 516 5475 ,
549 5419 651 5474 qua
678 5403 733 5458 in
752 5391 909 5475 prius
923 5400 1153 5475 vulgatis
1198 5391 1363 5475 verba
1390 5394 1752 5475 ,_uolun_tatem
1779 5391 1940 5475 dandi

362 5465 518 5553 hujus
541 5465 676 5553 die_i_,
706 5465 811 5553 non
834 5472 902 5528 ad
925 5465 1179 5553 loquendo
1197 5509 1213 5534 ,
1244 5468 1339 5553 sed
1368 5466 1435 5553 ad
1458 5465 1726 5553 cohiberet
1738 5466 1942 5553 refere-

364 5535 580 5607 ba'htur.
614 5535 770 5603 nunc
799 5547 973 5600 locum
992 5535 1167 5596 'lusius
1204 5550 1366 5609 atque
1411 5538 1652 5606 apertius
1703 5535 1942 5605 explica-

365 5632 477 5677 tum
497 5619 696 5675 videsis
718 5616 888 5688 libant
918 5614 985 5670 de
1009 5612 1201 5668 Trinit.
1228 5628 1281 5664 n.
1312 5610 1404 5688 5¹7ἓ
1435 5617 1541 5688 etc.

462 5692 515 5762 b)
543 5691 683 5762 Editi
703 5699 754 5744 et
787 5687 993 5762 aliquot
1021 5697 1150 5738 mss.
1180 5699 1243 5762 ac
1269 5678 1647 5762 penitentibus:
1666 5676 1937 5762 ibt-Rom”

436 5693 515 5820 Sb)
543 5693 683 5745 Editi
703 5699 754 5744 et
787 5693 993 5756 aliquot
1021 5697 1150 5738 mss.
1180 5699 1243 5765 ac
1269 5693 1647 5764 ρφηιιεηιιοιιε.
1666 5693 1937 5760 rit-nom”

363 5765 440 5822 Co
465 5765 544 5832 b.,
569 5761 731 5818 Carn.
761 5767 812 5816 et
846 5758 990 5825 Vat.,
1022 5770 1084 5810 ac
1108 5750 1434 5826 patientibus.
1486 5749 1643 5822 Apud
1692 5748 1940 5806 Htttema-

2048 4669 2101 4726 id
2141 4678 2226 4727 est
2248 4712 2265 4737 ,
2297 4671 2343 4726 si
2373 4669 2631 4725 doctrinre
2657 4666 3061 4739 opportunitate
3086 4665 3405 4735 etgveritate
3431 4665 3641 4722 inﬁrma

2048 4763 2353 4831 conﬁrmet,
2384 4762 2626 4832 disrupta
2657 4760 2984 4826 consolidet,
3013 4758 3304 4830 depravata
3334 4768 3637 4828 convertat,

2051 4864 2106 4910 et
2132 4855 2358 4911 verbum
2386 4856 2509 4910 vitae
2537 4855 2589 4909 in
2619 4853 2939 4909 aeternitatis
2964 4851 3146 4907 cibum
3180 4852 3390 4908 alendae
3423 4851 3644 4909 familias

2052 4946 2363 5019 dispendat,
2397 4958 2559 5018 atque
2589 4945 2708 5001 hsce
2734 4959 2897 5017 agens
2914 4943 3108 5015 hisque
3136 4944 3430 5001 immorans
3449 4944 3647 5017 depre-

2038 5126 2157 5166 rum
2174 5111 2266 5167 lib.
2291 5111 2360 5168 de
2385 5109 2647 5183 Praedest.
2671 5124 2723 5166 c.
2755 5107 2842 5177 l9,
2872 5106 2963 5164 ubi
2992 5107 3107 5166 hinc
3126 5117 3182 5167 et
3199 5111 3481 5183 sequentia
3500 5112 3647 5171 inse-

2041 5191 2255 5249 runtur,
2282 5199 2344 5236 ac
2373 5182 2700 5253 facientibus.

2120 5292 2194 5368 (c)
2218 5293 2567 5352 Carnutensis
2594 5293 2764 5351 codex
2798 5309 2922 5350 cum
2959 5292 3114 5353 Coll).
3159 5292 3268 5350 alia
3309 5311 3427 5353 vero
3453 5296 3651 5371 infruca

2050 5376 2219 5422 tuosa.

2124 5459 2204 5530 (d)
2233 5460 2358 5516 Par.
2387 5475 2508 5516 cum
2542 5460 2749 5530 aliquot
2778 5476 2912 5516 mss.
2963 5470 3012 5515 et
3060 5462 3471 5517 communionem
3516 5480 3536 5519 :
3587 5478 3654 5523 ac

2052 5531 2247 5587 deinde
2269 5531 2475 5602 absque
2490 5532 2812 5588 auctoritate
2830 5574 2844 5599 ,
2867 5548 3046 5587 eorum
3074 5530 3347 5589 theotetem
3376 5551 3396 5588 :
3422 5535 3512 5590 ubi
3540 5536 3653 5592 Sir-

2051 5602 2283 5677 ntondus
2304 5601 2445 5672 apud
2469 5601 2814 5658 Hincmarum
2842 5604 2910 5658 de
2958 5602 3216 5659 l’rtcdest.
3246 5618 3309 5677 c.‘
3338 5605 3428 5670 19,
3475 5606 3656 5677 posuit

2050 5672 2349 5746 theoteiam,
2378 5689 2503 5746 quae
2527 5688 2630 5729 vox
2654 5689 2831 5746 neque
2857 5688 3058 5745 graeca,
3087 5689 3263 5745 neque
3298 5672 3492 5734 latina:
3519 5677 3653 5738 Vide

2047 5760 2168 5818 quze
2198 5744 2265 5802 ad
2293 5759 2412 5817 cap.
2446 5744 2533 5813 16,
2561 5761 2618 5801 n.
2642 5746 2695 5814 4,
2722 5744 3007 5803 observata
3035 5756 3180 5803 sunt.
