4222 6262
620 319 758 377 1059

1829 301 2080 359 sane“
2119 272 2376 355 tamen
2414 296 2720 354 EPISCOPI

3780 298 3932 355 {0’0

617 435 916 499 hendatur;
960 429 1187 502 gloriam
1237 441 1265 480 a
1299 423 1528 479 Domino
1557 430 1823 492 tamquam
1867 419 2211 488 dispensator
2239 415 2290 478 Α
2313 415 2833 470 caruisexresserat.
2864 413 3048 468 Primo
3072 420 3252 468 autem
3274 425 3583 484 progressu,
3608 409 3731 466 vita:
3756 411 3925 481 hujus

619 529 792 584 ﬁdelis
821 532 876 578 et
904 523 1116 578 villicus
1141 519 1285 574 utilis
1311 526 1672 585 consequetur
1697 556 1712 582 ,
1758 521 1813 568 et
1842 527 2005 582 super
2029 511 2209 564 omnia

619 619 756 675 bona
783 617 1160 677 constituetur,
1198 611 1248 665 id
1280 617 1384 674 est,
1415 608 1466 662 in
1495 607 1589 662 Dei
1620 603 1789 676 gloria
1823 601 2208 668 c‘olloeabitur,

627 711 699 782 (η)
727 710 849 780 quia
881 705 1012 762 nihil
1043 706 1113 760 sit
1139 704 1276 758 ultra
1307 699 1451 772 quod
1478 699 1672 754 melius
1696 697 1766 752 sit
1787 697 1860 770 (ᾖ
1883 695 1996 767 47).

688 802 744 857 2.
801 798 1129 873 Negligentis
1171 796 1296 850 vitia
1335 811 1397 846 ac
1446 792 1684 846 vindicta.
1725 819 1800 831 ——
1825 787 1978 858 Quod
2008 786 2053 842 si
2084 800 2214 840 con-

620 906 778 952 tuens
830 895 1046 962 longam
1096 890 1188 945 Dei
1239 887 1597 958 patientiam,
1643 899 1762 955 quze
1807 883 1859 937 in
1909 879 2214 951 protectum

620 989 869 1045 Ituntanzc
901 985 1093 1040 salutis
1119 981 1456 1047 extenditur;
1493 978 1776 1034 adversum
1808 987 2104 1032 conservos
2131 971 2214 1026 in-

620 1082 873 1144 solescet,
905 1087 959 1132 et
975 1077 1158 1132 seculi
1192 1073 1346 1128 malis
1378 1073 1629 1142 vitiisque
1658 1085 1716 1124 se
1741 1069 1936 1135 tradet,
1969 1079 2211 1139 presen-

625 1176 762 1240 tinm
804 1183 1008 1226 unitum
1038 1185 1220 1225 curam
1269 1169 1320 1222 in
1363 1167 1510 1222 cultu
1539 1165 1740 1219 ventris
1766 1177 2025 1219 exercens
2051 1179 2064 1214 :
2089 1159 2216 1214 des-

632 1277 816 1340 perata
847 1265 920 1338 (ὁ)
957 1263 1046 1319 die
1083 1264 1340 1320 Dominus
1383 1258 1670 1326 adveniet,
1713 1271 1945 1327 eumque
1992 1269 2020 1309 a
2062 1252 2216 1309 benis

622 1375 742 1430 qua:
769 1358 1134 1429 spoponderat
1183 1355 1384 1410 dividet
1412 1394 1425 1417 ,
1485 1354 1891 1423 portionemque
1936 1349 2053 1420 ejus
2091 1359 2213 1403 cum

623 1452 919 1524 hypocritis
948 1453 998 1506 in
1031 1466 1202 1520 pinnae
1226 1450 1527 1504 aeternitate
1567 1445 1897 1511 constituet,
1949 1444 2072 1514 quia
2118 1440 2216 1495 ad-

627 1555 848 1599 ventum
881 1545 1270 1614 desperaverit,
1297 1543 1419 1612 quia
1453 1539 1716 1594 mandatis
1748 1550 1855 1592 non
1875 1536 2216 1604 obtempera-

629 1638 789 1700 verit,
822 1637 947 1706 quia
981 1633 1334 1705 ιλιγιιιεοιιῑίιιιιε
1361 1629 1628 1687 studuerit
1652 1673 1665 1688 .
1697 1629 1817 1700 quia
1853 1629 1954 1682 vita
1977 1627 2216 1698 gentium

630 1729 867 1793 vixerit,
917 1725 1040 1795 quia
1087 1725 1466 1796 desperatione
1513 1722 1698 1794 iudicii
1743 1721 2082 1776 eonrmisswn
2114 1717 2216 1773 sibi

621 1818 878 1873 familiam
909 1818 1066 1877 fatue.
1099 1819 1208 1880 siti,
1235 1817 1384 1871 crede
1411 1815 1681 1870 vexaverit
1725 1811 1886 1887 (Ibid.
1920 1809 2180 1882 48-51).

697 1910 864 1984 794
890 1911 942 1965 5.
975 1909 1080 1964 Cur
1103 1910 1308 1980 Moyses
1331 1908 1636 1981 Decalogum
1655 1907 1850 1960 duabus
1865 1905 2054 1960 tabulis
2069 1920 2214 1958 acce-

622 2007 715 2078 pit.
747 2035 816 2046 ——
847 2004 990 2058 Tunc
1011 2002 1318 2058 similubilur
1349 2016 1558 2075 regnum
1591 1999 1832 2053 cartorum
1863 1998 2034 2051 decent
2057 1997 2214 2068 Disgio

622 2101 789 2167 nibus,
818 2110 870 2154 et
903 2100 1106 2168 reliqua
1142 2091 1354 2167 (Matth.
1393 2107 1521 2160 xxv,
1553 2093 1630 2164 l).
1665 2092 1744 2148 Ex
1781 2091 1938 2148 dictis
1967 2105 2215 2160 superio-

621 2192 769 2247 ribs
821 2191 958 2245 ratio
1014 2205 1228 2259 quoque
1281 2186 1436 2258 hujus
1467 2185 1732 2240 sermonis
1762 2183 1983 2254 intelligi
2015 2191 2211 2252 potest.

624 2284 698 2339 De
729 2283 815 2338 die
844 2283 987 2336 enim
1023 2294 1215 2351 magno
1247 2279 1456 2334 Domini
1484 2278 1659 2331 munis
1708 2286 1791 2331 est
1835 2289 2056 2336 sermo,
2108 2286 2215 2340 quo

619 2376 831 2430 occulta
867 2379 1220 2428 humanarum
1265 2373 1650 2442 cogitationum
1679 2368 1841 2425 divini
1867 2366 2058 2439 iudicii
2089 2381 2217 2435 cog-

621 2470 825 2524 nitione
859 2468 1152 2538 prodentur
1175 2508 1190 2534 ,
1242 2475 1297 2521 et
1338 2479 1464 2521 vera
1492 2463 1789 2534 exspectati
1821 2463 1913 2517 Del
1947 2459 2077 2515 iides
2107 2473 2214 2514 non

619 2561 884 2632 ambiguze
911 2561 1024 2630 spei
1057 2559 1306 2614 meritum
1338 2569 1718 2628 consequetur.
1777 2555 2040 2610 Absolute
2069 2555 2212 2608 enim

617 2655 671 2710 in
702 2658 936 2725 qttiane
969 2651 1319 2722 prudentibus
1341 2661 1394 2706 et
1421 2651 1472 2706 in
1497 2650 1731 2722 quinque
1757 2648 1938 2714 fatuis,
1974 2645 2213 2701 ﬁdelium

617 2758 776 2819 atque
801 2747 1095 2802 inﬁdelium
1127 2755 1208 2800 est
1241 2746 1535 2800 constituta
1561 2743 1788 2798 divisio:
1822 2757 1926 2813 quo
1957 2739 2213 2810 exemplo

617 2839 830 2911 Moyses
855 2839 1044 2895 decem
1078 2837 1237 2892 'verha
1267 2836 1472 2892 duabus
1501 2835 1697 2890 tabulis
1725 2832 2028 2902 conscripta
2056 2846 2214 2887 acce-

619 2942 790 3004 perat.
823 2932 1058 2988 Necesse
1085 2932 1227 2985 enim
1260 2937 1398 2997 erat,
1433 2928 1611 2984 omnia
1641 2942 1703 2982 ea
1731 2926 1787 2981 in
1818 2935 2045 2995 utraque
2083 2938 2214 2978 con-

616 3025 779 3080 scribi
805 3041 819 3079 :
845 3035 897 3079 et
921 3024 1116 3094 duplex
1147 3023 1359 3093 pagina,
1396 3022 1534 3076 inter
1562 3020 1946 3090 proprietatem
1974 3017 2212 3072 dexterae

614 3132 679 3172 ac
706 3117 961 3180 sinistrae.
995 3115 1318 3171 divisionem
1351 3115 1449 3170 sub
1479 3130 1584 3169 uno
1611 3115 1736 3169 licet
1769 3121 2091 3169 testamento
2118 3111 2211 3166 bo-

613 3225 800 3264 norum
832 3209 1205 3278 malorumque
1233 3208 1504 3277 signabat.

682 3303 736 3357 4.
774 3301 1046 3356 Parabola:
1072 3302 1324 3374 virginum
1360 3301 1520 3354 brevis
1550 3309 1596 3353 et
1628 3309 1778 3353 acuta
1816 3299 2084 3370 expositio.
2136 3327 2208 3337 —

608 3391 852 3459 Sponsus
875 3399 1035 3460 atque
1059 3407 1274 3459 sponsa,
1311 3389 1572 3444 Βοιιιῑιιιιε
1593 3400 1774 3444 noster
1795 3398 1878 3444 est
1902 3391 1952 3442 in
1977 3405 2209 3459 corpore

609 3481 773 3537 Deus.
835 3481 967 3536 Nam
1001 3491 1057 3535 ut
1088 3482 1320 3551 Spiritus
1346 3482 1491 3536 carni
1523 3481 1728 3552 (supple
1753 3523 1766 3545 ,
1800 3482 2090 3549 Sponsus),
2132 3481 2203 3536 ita

603 3572 827 3645 Spiritui
857 3589 984 3629 caro
1026 3588 1222 3643 sponsa
1266 3581 1368 3628 est.
1429 3572 1667 3642 Denique
1714 3573 1838 3625 tuba
1891 3571 2162 3626 excitante
2189 3614 2204 3639 ,

604 3682 814 3740 sponso
851 3677 1060 3722 tantum
1082 3667 1302 3721 obviam
1331 3663 1402 3736 (ε)
1441 3664 1712 3736 proditur;
1741 3673 1897 3720 erant
1925 3663 2068 3719 enim
2096 3665 2207 3734 jam

606 3762 774 3816 ambo
815 3773 1016 3826 unum;
1069 3759 1192 3830 quia
1235 3759 1288 3815 in
1341 3758 1568 3830 gloriam
1599 3757 1893 3830 spiritalem
1928 3757 2207 3814 humilitas

666 3899 746 4025 δα)
775 3899 968 3955 Plures
990 3913 1119 3954 mss.
1148 3916 1248 3967 qua
1270 3940 1284 3959 ,
1309 3913 1415 3954 non
1464 3898 1617 3969 quia,
1686 3897 1827 3952 haud
1885 3899 2041 3954 male.
2095 3898 2193 3955 Hic

703 3973 846 4025 ditur
871 3972 1010 4025 ratio
1036 3986 1135 4024 cur
1166 3973 1215 4023 in
1245 3969 1416 4025 aloria
1444 3969 1743 4024 collocatus
1794 3985 1956 4025 super
2010 3972 2193 4024 omnia

601 3969 846 4026 redditur
871 3972 1010 4026 ratio
1036 3986 1135 4024 cur
1166 3973 1215 4023 in
1245 3969 1416 4040 gloria
1444 3969 1743 4024 collocatus
1794 3985 1956 4039 super
2010 3972 2193 4024 outnia

605 4044 743 4097 bona
768 4048 1094 4097 constitutus
1123 4041 1352 4102 dicatur,
1385 4041 1506 4112 quia
1529 4041 1780 4094 nimirum
1815 4058 1876 4095 ea
1903 4041 2076 4112 gloria
2102 4042 2198 4097 bo-

595 4129 723 4169 num
752 4128 912 4168 omne
934 4121 1174 4183 superet,
1192 4127 1362 4182 eaque
1380 4111 1508 4166 nihil
1531 4113 1720 4166 ιιιοξιιιιε
1746 4113 1834 4164 sit.

665 4183 743 4256 (ὁ)
789 4186 844 4239 In
878 4184 1086 4254 aliquot
1114 4199 1248 4238 mss.
1277 4184 1549 4256 desperata
1580 4183 1700 4256 dies
1748 4184 1985 4247 Domini,
2023 4185 2200 4239 ntinns

593 4253 752 4312 bene.
783 4256 954 4310 Porro
975 4253 1250 4322 desperata
1276 4297 1290 4319 ,
1325 4253 1377 4308 id
1403 4263 1484 4308 est
1505 4294 1521 4319 ,
1578 4255 1849 4323 insperata
1874 4296 1888 4322 ,
1909 4269 2005 4309 seu
2042 4255 2190 4310 inex-

593 4338 834 4397 Speetata
867 4335 1028 4395 atque
1061 4323 1370 4386 improvisa.

663 4404 740 4464 ειν)
769 4397 826 4450 In
857 4397 1060 4464 aliquot
1088 4409 1218 4450 mss.
1255 4396 1548 4464 proceditur
1578 4411 1595 4449 :
1625 4395 1818 4449 eet-lem
1839 4409 2022 4451 sitnsu.
2053 4397 2190 4451 Tum

591 4469 647 4524 in
675 4470 894 4523 esensis
913 4509 928 4526 .
957 4477 1106 4522 erunt
1131 4467 1308 4519 enim:
1344 4476 1540 4535 przeter
1570 4467 1728 4520 iidem
1769 4470 2014 4522 0tthth
2054 4485 2187 4523 mss.

589 4550 751 4608 atque
785 4540 966 4592 Hilarii
1017 4537 1368 4604 sententiam,
1399 4555 1500 4608 qua
1550 4538 1663 4591 vult
1691 4554 1892 4604 Sponsa
1936 4548 2142 4593 tantum
2172 4580 2188 4603 ,

2317 507 2530 573 ofﬁciis,
2562 521 2850 563 occurrere
2879 507 2932 562 in
2961 509 3414 564 resurrectionem
3444 523 3564 577 qnze
3596 515 3678 562 est
3708 523 3734 560 a
3771 525 3933 560 mor—

2318 600 2423 654 tuis
2454 615 2840 670 prteparamnr.
2873 598 3174 667 Lampadas
3203 599 3386 670 igitur,
3411 602 3711 654 animarum
3737 599 3920 670 spien-

2317 691 2557 748 dentium
2586 693 2766 750 lumen
2793 701 2894 758 est,
2930 711 3046 765 qua:
3079 703 3421 749 sacramento
3454 695 3709 764 baptismi
3738 693 3928 762 splen-

2318 783 2570 840 duernut.
2621 785 2833 853 Oleum,
2867 787 2994 842 boni
3022 788 3202 854 operis
3233 797 3317 842 est
3348 786 3570 842 fructus.
3608 785 3741 841 Vasa
3767 829 3783 853 ,
3817 785 3928 839 hu-

2321 897 2476 934 mana
2507 889 2632 934 sunt
2661 896 2913 952 corpora,
2949 882 3090 935 intra
3118 895 3346 951 quorum
3376 881 3579 946 viscera
3626 880 3924 935 thesaurus

2320 975 2476 1030 bonte
2501 976 2850 1031 conscientia)
2879 974 3252 1031 recondendus
3294 981 3390 1029 est.
3437 972 3750 1030 Vendentes
3791 981 3927 1028 sunt

2322 1065 2398 1134 hi,
2430 1069 2518 1139 qui
2547 1065 2917 1123 misericordia
2950 1066 3187 1122 ﬁdelium
3218 1065 3520 1138 indigentes
3543 1109 3558 1133 ,
3594 1067 3831 1121 reddunt
3854 1082 3924 1120 ex

2320 1173 2384 1218 se
2410 1166 2574 1234 petita
2604 1163 2927 1218 commercia
2949 1207 2962 1231 ,
3016 1161 3328 1231 indigentia!
3365 1177 3474 1216 sua:
3517 1158 3726 1216 scilicet
3755 1160 3929 1214 satie—

2322 1262 2430 1310 tate
2457 1297 2471 1322 ,
2501 1253 2627 1310 boni
2657 1255 2838 1327 operis
2870 1253 3040 1309 nostri
3072 1255 3462 1310 conscientiam
3494 1251 3571 1325 (d)
3601 1263 3926 1308 veneuntes.

2323 1347 2450 1404 Haec
2492 1350 2636 1404 enim
2683 1347 2942 1404 indefessi
2988 1348 3209 1404 luminis
3253 1350 3469 1417 cupiosa
3519 1346 3772 1402 materies
3800 1352 3923 1412 est,

2321 1457 2441 1512 qua:
2474 1441 2861 1497 misericordiae
2900 1441 3164 1496 fructibus
3201 1449 3256 1497 et
3281 1439 3506 1496 emenda
3530 1449 3609 1494 est
3641 1445 3696 1494 et
3722 1453 3922 1493 recon-

2321 1531 2516 1588 denda.
2543 1532 2770 1602 Nuptize,
2802 1531 3222 1587 immortalitatis
3245 1532 3541 1599 assumptio
3567 1537 3669 1597 est,
3696 1542 3748 1584 et
3773 1532 3923 1584 inter

2322 1628 2724 1694 cormptionem
2770 1638 2931 1694 atque
2978 1625 3438 1695 incorruptionem
3473 1639 3536 1678 ex
3570 1638 3712 1677 nova
3739 1623 3924 1676 socie-

2325 1727 2432 1775 tate
2461 1720 2791 1790 conjnnctio.
2827 1717 2970 1774 Mora
3000 1717 3208 1787 sponsi,
3235 1716 3565 1786 ptenitentire
3590 1728 3800 1786 tempus
3816 1727 3922 1770 est.

2251 1817 2296 1878 B
2329 1814 2764 1883 Exspectandum
2793 1827 3044 1876 somnus,
3078 1810 3415 1866 credentium
3445 1808 3600 1878 quies
3631 1821 3708 1862 est
3735 1852 3747 1870 ,
3777 1818 3832 1863 et
3867 1809 3923 1863 in

2325 1907 2656 1976 poenitentim
2690 1915 2933 1974 tempore
2965 1916 3111 1959 mors
3150 1902 3474 1971 temporaria
3518 1901 3918 1956 universorum.

2320 1997 2491 2054 Nocte
2534 1999 2704 2054 media
2739 1999 2947 2052 clamor
2969 2040 2981 2062 ,
3011 1998 3218 2052 cunctis
3244 1989 3616 2067 ignorantibus
3645 1997 3779 2050 tuba:
3808 2011 3921 2050 vox

2320 2103 2402 2148 est
2427 2135 2440 2157 ,
2475 2093 2683 2145 Domini
2717 2090 3073 2162 prrccedentis
3102 2089 3390 2144 adventum
3418 2132 3432 2152 ,
3471 2097 3528 2144 et
3555 2089 3839 2144 universos
3866 2097 3930 2142 ut

2319 2187 2531 2242 obviam
2558 2177 2720 2259 795
2745 2197 2946 2257 sponso
2975 2193 3170 2240 exeant
3219 2184 3524 2239 exeitantis.
3582 2179 3925 2252 Lampadium

2319 2279 2642 2349 assumptio,
2667 2279 2967 2332 animarum
2988 2287 3068 2332 est
3101 2273 3307 2331 reditus
3330 2276 3380 2329 in
3410 2289 3671 2345 corpora:
3703 2288 3928 2330 earum-

2319 2381 2423 2441 que
2451 2371 2536 2425 lux
2566 2412 2581 2434 ,
2615 2370 2947 2425 conscientia
2987 2369 3112 2425 boni
3144 2369 3324 2439 operis
3347 2370 3566 2424 elucens
3588 2411 3601 2434 ,
3645 2384 3766 2438 quae
3799 2384 3926 2422 vas.

2320 2466 2455 2520 culis
2482 2481 2772 2537 corporum
2800 2465 3128 2519 continetur.

2392 2555 2445 2610 5.
2493 2554 2558 2610 In
2584 2557 2800 2610 adventu
2825 2553 3016 2609 Christi
3045 2555 3292 2609 neminem
3323 2553 3581 2626 juvabunt
3607 2553 3780 2606 uh'crra
3824 2569 3930 2606 me-

2319 2653 2438 2706 rita.
2487 2650 2610 2704 lam
2649 2651 2960 2722 poenitentia:
2989 2648 3195 2703 nullum
3236 2659 3471 2716 letttmts.‘
3498 2677 3568 2689 -—
3617 2645 3929 2703 Prudentcs

2320 2743 2554 2814 virgines
2602 2741 2685 2798 ine
2722 2753 2883 2806 stmt,
2929 2758 3049 2812 quae
3094 2751 3460 2812 opportunum
3505 2739 3555 2794 in
3601 2741 3926 2810 corporibus

2323 2836 2581 2907 operandi
2629 2844 2838 2905 tempus
2865 2834 3126 2904 amplexa:
3149 2877 3162 2898 ,
3201 2834 3252 2888 in
3284 2834 3515 2904 primum
3547 2849 3606 2889 se
3633 2848 3922 2888 occursum

2319 2927 2582 2982 adventus
2611 2927 2866 2982 dominici
2896 2929 3336 2997 prrepar-tverint.
3367 2925 3550 2981 Fatua:
3569 2936 3772 2993 autem,
3804 2943 3926 2994 qua:

2317 3018 2599 3075 dissolutae
2635 3035 2698 3074 ac
2726 3018 3056 3090 negligentes
3080 3059 3096 3085 ,
3145 3021 3492 3088 pratsentium
3522 3025 3728 3073 tantum
3763 3017 3922 3073 solli-

2317 3114 2614 3172 citudinem
2668 3113 2986 3181 habuerint;
3033 3127 3087 3172 et
3137 3116 3481 3172 immemores
3526 3118 3922 3187 promissorum

2239 3198 2286 3290 ς
2320 3207 2435 3272 Dei,
2473 3208 2523 3262 in
2561 3206 2767 3262 nullam
2808 3221 2867 3262 se
2902 3221 3055 3278 spem
3095 3209 3510 3263 resurrectionis
3552 3209 3921 3264 extenderint.

2315 3301 2380 3355 Et
2408 3302 2530 3372 quia
2563 3302 2779 3372 prodire
2829 3302 3042 3357 obviam
3075 3301 3240 3358 fatuae
3267 3303 3551 3359 exstinctis
3582 3303 3922 3375 lampadibus

2315 3409 2421 3448 non
2458 3393 2719 3462 possunt?
2745 3393 3103 3464 deprecantur
3129 3410 3223 3451 eas
3255 3410 3374 3466 quae
3406 3394 3702 3465 prudentes
3734 3406 3913 3464 erant,

2313 3497 2371 3541 ut
2399 3487 2575 3541 oleum
2604 3495 2917 3542 mutuemur
2951 3485 2971 3559 (
2999 3486 3036 3557 γ
3079 3486 3176 3560 8).
3226 3487 3432 3554 Quibus
3476 3489 3876 3558 responderunt
3901 3533 3917 3556 ,

2317 3594 2423 3634 non
2455 3593 2613 3648 posse
2640 3595 2698 3634 se
2728 3579 2858 3634 dare
2884 3622 2897 3645 ,
2932 3581 3057 3651 quia
3090 3597 3194 3635 non
3227 3583 3294 3635 sit
3326 3580 3463 3636 forte
3493 3581 3635 3652 quod
3665 3583 3920 3638 omnibus

2313 3671 2445 3726 satis
2469 3671 2537 3725 sit
2561 3671 2631 3741 (ᾖ
2682 3670 2768 3742 9):
2797 3672 2988 3728 alienis
3011 3673 3216 3729 scilicet
3238 3674 3488 3744 operibus
3517 3689 3579 3729 ac
3604 3675 3814 3730 meritis
3842 3675 3918 3746 (ρ)

2315 3763 2586 3819 neminem
2620 3762 2980 3833 adjuvandum
3003 3805 3020 3832 ,
3069 3765 3192 3836 quia
3223 3765 3510 3836 unicuique
3538 3765 3770 3835 lampadi
3799 3781 3917 3824 sua:

2302 3902 2712 3976 conSt-ientiatn.
2747 3902 2883 3976 Nam
2908 3918 3064 3976 aeneo
3085 3903 3259 3976 active
3280 3903 3392 3970 jam
3412 3903 3645 3957 vidimus
3661 3919 3787 3975 cap.
3813 3905 3910 3976 Si.

2304 3990 2361 4027 ιι.
2395 3976 2549 4044 -l;et
2573 3988 2622 4028 c.
2657 3973 2738 4038 10,
2771 3991 2824 4028 ιι.
2865 3972 2950 4029 18.
2979 3973 3053 4028 Ita
3085 3975 3350 4044 quoddam
3402 3976 3459 4028 tit
3487 3972 3909 4044 .cmnmerciuiu

2304 4060 2424 4098 eum
2459 4043 2546 4098 dat
2581 4046 2732 4098 dives
2752 4047 3032 4112 pecuniam
3061 4087 3075 4111 ,
3107 4043 3205 4100 eta
3237 4057 3471 4116 paupere
3495 4047 3694 4115 accipit
3719 4048 3906 4115 aperis

2307 4116 2435 4171 boni
2464 4117 2876 4170 conscientiam.

2379 4185 2452 4257 (ο)
2485 4187 2635 4241 Hune
2659 4187 2836 4241 locum
2887 4188 2976 4255 qni
3009 4187 3407 4244 inconsiderate
3450 4187 3665 4257 legent,
3717 4190 3908 4244 existi-

2310 4259 2530 4311 mabunt
2561 4257 2782 4312 forsitan
2818 4257 3002 4314 favere
3027 4260 3375 4314 lteterodoxis
3425 4270 3733 4314 sanctorum
3781 4261 3904 4314 suf-

2302 4328 2469 4394 fragia
2501 4341 2548 4381 et
2575 4327 3016 4383 intercessionem
3073 4331 3502 4385 exsotﬂantibtts.
3537 4330 3670 4384 Eum
3725 4333 3904 4397 reipsa

2299 4398 2582 4453 catholicis
2611 4399 2798 4462 objicit
2831 4399 3028 4453 Bodins
3083 4399 3136 4454 in
3189 4401 3552 4456 Colleetaneis
3603 4403 3734 4455 suis.
3787 4403 3902 4457 Sed

2297 4470 2426 4539 quid
2449 4469 2574 4524 illos
2598 4474 2778 4535 iuvet,
2803 4487 2912 4525 non
2943 4473 3128 4526 vident
3151 4473 3464 4539 prudentes.
3497 4472 3614 4526 Non
3646 4475 3788 4526 enim
3812 4473 3905 4529 hic

2297 4557 2479 4595 sermo
2529 4549 2614 4595 est
2672 4552 2852 4596 utrum
2933 4546 3102 4596 sancti
3158 4544 3312 4596 nobis
3374 4543 3749 4612 prospiciunt,
3798 4545 3902 4599 sed

590 4627 695 4666 non
727 4613 884 4665 etiam
911 4625 1154 4679 spottsze,
1184 4609 1392 4663 obviam
1419 4609 1620 4682 prtuliri
1642 4651 1655 4672 ,
1692 4611 1814 4677 quia
1875 4611 1927 4662 in
1968 4608 2186 4664 Christo
2217 4613 2268 4682 Ι)
2301 4623 2479 4665 utrum
2514 4612 2694 4668 Sineti
2723 4613 2928 4678 possint
2960 4613 3029 4667 ita
3067 4615 3254 4667 merita
3285 4608 3385 4668 sua
3411 4608 3594 4682 partiri
3619 4656 3633 4674 .
3683 4625 3742 4668 ut
3801 4615 3900 4671 alii

586 4697 746 4743 caro,
775 4696 893 4751 qme
921 4695 1116 4747 sponsa
1148 4690 1228 4733 est
1255 4723 1269 4743 ,
1303 4679 1431 4749 post
1454 4679 1898 4751 gloriticatiorrem
1948 4681 2020 4734 ita
2053 4697 2177 4735 cum

589 4750 876 4822 Spirituae
901 4752 1102 4806 deitate
1131 4751 1278 4806 ιιιιὶιει
1307 4762 1430 4817 est,
1463 4762 1518 4806 ut
1569 4752 1710 4805 illius
1745 4750 2026 4806 distinctio
2067 4754 2178 4817 jam

590 4841 695 4879 non
719 4831 993 4894 appareat.
1027 4823 1135 4876 lloe
1164 4833 1342 4877 tamen
1363 4824 1508 4876 salva
1526 4825 1702 4876 carnis
1729 4825 1952 4894 veritate
1973 4822 2176 4876 dictum

587 4912 738 4959 esse,
763 4893 868 4948 non
888 4895 1051 4948 semel
1079 4894 1508 4948 demonstratum
1573 4910 1585 4946 :
1636 4903 1690 4948 et
1720 4893 2065 4947 manifestum
2094 4905 2180 4949 est

584 4967 672 5018 vel
699 4982 762 5019 ex
789 4969 889 5019 hoc
919 4974 1072 5018 tract.
1107 4967 1238 5033 p~al.
1272 4979 1397 5026 va,
1431 4980 1486 5019 n.
1523 4963 1589 5017 η
1621 4981 1635 5019 :
1671 4964 1734 5016 in
1764 4976 2010 5018 cateruam
2065 4967 2180 5034 gla-

584 5039 714 5091 riam
737 5040 851 5109 ejus
874 5049 1144 5107 assumpta:
1167 5053 1231 5090 ex
1261 5035 1468 5109 Virgine
1492 5036 1660 5109 carnis
1711 5045 1895 5088 natura
1925 5036 2177 5109 transfer-

581 5119 687 5165 tur.
715 5106 896 5177 Neque
921 5106 1226 5176 ambiguum
1266 5106 1483 5176 quodin
1513 5107 1623 5175 psal
1663 5122 1931 5172 cuum,
1981 5122 2038 5159 η.
2079 5106 2182 5172 97,

584 5180 656 5234 ait
686 5181 955 5233 Christum
987 5178 1040 5231 in
1069 5179 1248 5232 eodem
1273 5193 1486 5244 corpore
1547 5185 1667 5244 post
1721 5179 2180 5232 resin-rectionem

583 5252 819 5318 conspiet
852 5251 904 5303 in
933 5265 1040 5320 quo
1069 5259 1313 5302 mortuus
1336 5259 1447 5320 erat
1476 5265 1488 5299 :
1515 5258 1714 5320 etpost
1742 5264 1974 5320 pauca“:
2016 5249 2071 5301 in
2116 5265 2176 5302 eo

582 5338 682 5390 quo
707 5317 930 5377 elevatus
952 5317 1030 5374 'est
1055 5335 1265 5390 corpore
1293 5333 1324 5371 a
1349 5318 1543 5373 dextris
1570 5317 1661 5372 Dei
1681 5318 1874 5375 sedere.
1906 5317 1964 5373 τ.
2012 5328 2172 5374 tract.

583 5409 666 5464 ps.
697 5409 857 5464 cxxxt
882 5433 896 5456 ,
923 5408 978 5446 ιι.
1014 5391 1102 5454 16,
1133 5402 1246 5464 t_tot.

655 5465 732 5536 (ἀ)
758 5463 912 5536 ΒΜ..
948 5465 1038 5516 Er.
1062 5475 1116 5517 et
1137 5461 1287 5536 Lips.
1312 5470 1532 5536 mequ
1561 5476 1582 5516 :
1615 5460 1974 5536 renitentilms
1999 5462 2178 5536 omni-

581 5532 684 5589 bus
712 5532 845 5588 mss.
871 5535 982 5588 Hoc
1012 5542 1194 5588 tamen
1249 5534 1305 5586 in
1363 5532 1536 5600 prima
1574 5533 1812 5587 editione
1858 5533 1980 5586 Par.
2029 5533 2170 5587 bene

579 5617 882 5669 niotatnm,
957 5618 1240 5674 pet-petam
1293 5605 1600 5658 restitutum
1649 5609 1734 5656 est
1776 5603 1832 5657 in
1873 5611 2168 5671 putassem.

581 5675 894 5731 Vendeotes
949 5673 1103 5729 vocat
1163 5675 1394 5730 Hilarius
1437 5689 1734 5743 pauperes,
1789 5675 1882 5743 qui
1930 5673 2174 5728 ﬁdelium

581 5744 922 5814 eleeinosyna
951 5746 1226 5813 indigeat,
1255 5753 1312 5799 at
1336 5746 1434 5814 tusi
1454 5759 1560 5813 pro
1589 5747 1730 5814 stipe
1749 5783 1772 5808 ,ς
1791 5760 1898 5813 qua
1925 5745 2175 5813 ipsorum

583 5811 876 5879 indigentia
905 5811 1176 5882 expletur,
1207 5811 1564 5870 vendunt—seu
1583 5811 1820 5871 reddunt
1839 5811 2020 5884 operis
2043 5815 2169 5869 boni

2301 4684 2532 4751 propriis
2557 4684 2768 4736 meritis
2791 4684 3038 4738 destituti
3066 4699 3131 4739 ex
3158 4687 3255 4738 the
3285 4686 3388 4738 vita
3419 4686 3710 4754 migrantes
3730 4727 3744 4748 ,
3777 4703 3897 4739 tne-

2287 4756 2845 4826 ritorumalienorom
2881 4756 3128 4809 subsidio
3181 4757 3395 4810 valeant
3437 4772 3559 4810 eum
3586 4772 3788 4826 sponso
3841 4759 3896 4812 in

2285 4835 2546 4879 aeternam
2593 4825 2824 4895 gloriam
2874 4826 3179 4896 ingressum
3212 4825 3480 4882 obtinere.
3534 4826 3665 4894 Quis
3709 4837 3897 4883 autem

2284 4897 2585 4949 eatboticus
2615 4903 2773 4964 neget
2809 4899 2923 4951 lure
2972 4898 3165 4950 merita
3209 4900 3496 4966 unicuique
3546 4900 3614 4951 ita
3669 4901 3890 4967 propria

2285 4980 2439 5026 esse,
2467 4978 2522 5019 ut
2552 4967 2604 5019 in
2627 4969 2792 5020 alium
2821 4969 3032 5021 nefandi
3063 4969 3370 5037 nequeant?
3399 4969 3498 5022 hac
3530 4971 3740 5024 ratione
3773 4973 3897 5022 uni-

2285 5040 2482 5106 cuiqne
2505 5038 2682 5090 oleum
2707 5039 2938 5105 iampadi
2968 5055 3074 5091 Sllzl'
3103 5054 3286 5093 emere
3315 5054 3539 5094 necesse
3559 5049 3644 5094 est
3673 5057 3687 5092 :
3723 5051 3775 5095 et
3795 5042 3894 5096 eui

2290 5109 2480 5172 deest,
2514 5121 2624 5162 non
2659 5117 2837 5176 potest
2856 5109 3000 5164 ullus
3025 5109 3166 5163 alios
3190 5110 3464 5164 sufﬁt-ese.
3510 5109 3644 5164 Nam
3694 5127 3896 5166 secun-

2284 5179 2416 5233 dum
2441 5194 2537 5242 ea,
2565 5195 2683 5250 qtae
2710 5179 2940 5247 quisque
2981 5179 3150 5249 μεθ-ιι
3168 5219 3184 5246 ,
3218 5190 3310 5235 aut
3326 5183 3474 5235 salus
3498 5182 3765 5250 obtinget,
3789 5194 3889 5238 aut

2283 5251 2580 5304 damnatio.
2613 5249 2810 5304 Verum
2829 5253 3042 5306 etiamsi
3065 5260 3266 5305 sanctis
3284 5267 3391 5306 non
3409 5253 3568 5308 detur
3589 5261 3642 5307 ut
3656 5249 3892 5308 inserito-

2283 5336 2404 5392 rntn
2435 5321 2623 5389 inopes
2645 5337 2712 5376 ex
2739 5322 2855 5374 suis
2884 5323 3076 5385 ditent;
3099 5323 3260 5376 datur
3277 5333 3458 5378 tamen
3489 5332 3551 5378 ut
3576 5341 3885 5392 tumquant—

2287 5391 2384 5464 ditt
2409 5392 2497 5446 hic
2528 5394 2756 5446 vivimus
2787 5393 3046 5458 adjuvant
3063 5436 3078 5454 ,
3107 5394 3250 5464 unde
3273 5402 3424 5448 recte
3447 5396 3662 5464 operari
3691 5407 3746 5451 et
3771 5414 3889 5450 tne-

2288 5461 2391 5516 rita
2443 5478 2760 5530 uttnparare
2816 5468 3111 5518 valeanms.
3164 5463 3276 5518 lino
3305 5461 3596 5520 etiam—hie
3649 5467 3888 5523 Hilarius

2282 5549 2506 5588 ιιοιιιιιιθ
2543 5537 2812 5604 virginum
2844 5535 3165 5604 prudentum
3188 5576 3203 5597 ,
3235 5552 3356 5604 qua:
3383 5535 3560 5592 fatuas
3588 5539 3726 5594 bane
3753 5556 3888 5592 eata-

2277 5605 2504 5658 sulendo
2528 5616 2581 5660 et
2604 5607 2671 5659 ad
2698 5607 3070 5674 pwtiteutism
3090 5606 3360 5660 hortando
3377 5607 3882 5675 adiuvaiigstmtos

2276 5675 2708 5732 demonstrando
2735 5688 2920 5732 nostra
2947 5679 3125 5732 salute
3147 5677 3434 5733 sollicitos.
3480 5679 3747 5735 Disertius
3776 5683 3884 5735 hoe

2277 5745 2457 5821 ipsum
2483 5747 2646 5803 docet
2671 5749 2726 5821 iu
2756 5747 2892 5821 paul.
2921 5763 3113 5821 cxx“,
3138 5765 3193 5803 ιι.
3223 5747 3282 5814 5,
3313 5750 3400 5804 ubi
3427 5750 3508 5821 ait
3531 5767 3548 5804 :
3569 5751 3678 5806 Sed
3721 5767 3890 5821 ww

2276 5815 2459 5870 desunt
2483 5828 2618 5874 stare
2641 5815 2918 5876 volentibus
2937 5819 3248 5876 Sanctorum
3278 5820 3524 5876 custodire
3544 5863 3559 5890 ,
3591 5837 3756 5893 neque
3781 5815 3889 5876 .iu-
