  <div class='ocr_page' id='page_1' title='image "/cluster/home/n/w/nwhite01/storage/ocr_20150623/9/hvd.32044069618759/549.png"; bbox 0 0 4222 6262; ppageno 0'>
   <div class='ocr_carea' id='block_1_1' title="bbox 663 245 806 302">
    <p class='ocr_par' dir='ltr' id='par_1_1' title="bbox 663 245 806 302">
     <span class='ocr_line' id='line_1_1' title="bbox 663 245 806 302; baseline 0 0"><span class='ocrx_word' id='word_1_1' title='bbox 663 245 806 302; x_wconf 73' lang='grc'><strong>1065</strong></span> 
     </span>
    </p>
   </div>
   <div class='ocr_carea' id='block_1_2' title="bbox 1867 238 2747 302">
    <p class='ocr_par' dir='ltr' id='par_1_2' title="bbox 1867 238 2747 302">
     <span class='ocr_line' id='line_1_2' title="bbox 1867 238 2747 302; baseline 0.003 -3"><span class='ocrx_word' id='word_1_2' title='bbox 1867 240 2116 300; x_wconf 83' lang='lat' dir='ltr'><strong>SANCTI</strong></span> <span class='ocrx_word' id='word_1_3' title='bbox 2155 238 2412 299; x_wconf 77' lang='lat' dir='ltr'><strong>HILARH</strong></span> <span class='ocrx_word' id='word_1_4' title='bbox 2444 241 2747 302; x_wconf 80' lang='lat' dir='ltr'><strong>EPISCOPI</strong></span> 
     </span>
    </p>
   </div>
   <div class='ocr_carea' id='block_1_3' title="bbox 3825 248 3964 305">
    <p class='ocr_par' dir='ltr' id='par_1_3' title="bbox 3825 248 3964 305">
     <span class='ocr_line' id='line_1_3' title="bbox 3825 248 3964 305; baseline -0.014 0"><span class='ocrx_word' id='word_1_5' title='bbox 3825 248 3964 305; x_wconf 66' lang='lat' dir='ltr'><strong>i064</strong></span> 
     </span>
    </p>
   </div>
   <div class='ocr_carea' id='block_1_4' title="bbox 659 360 3966 437">
    <p class='ocr_par' dir='ltr' id='par_1_4' title="bbox 659 360 3966 437">
     <span class='ocr_line' id='line_1_4' title="bbox 659 360 3966 437; baseline 0.001 -22"><span class='ocrx_word' id='word_1_6' title='bbox 659 362 810 417; x_wconf 86' lang='lat' dir='ltr'><strong>homo</strong></span> <span class='ocrx_word' id='word_1_7' title='bbox 837 363 998 418; x_wconf 87' lang='lat' dir='ltr'><strong>durus</strong></span> <span class='ocrx_word' id='word_1_8' title='bbox 1027 379 1098 430; x_wconf 89' lang='lat' dir='ltr'><strong>es,</strong></span> <span class='ocrx_word' id='word_1_9' title='bbox 1132 362 1277 419; x_wconf 84' lang='lat' dir='ltr'><strong>metis</strong></span> <span class='ocrx_word' id='word_1_10' title='bbox 1305 361 1390 418; x_wconf 87' lang='lat' dir='ltr'><strong>ubi</strong></span> <span class='ocrx_word' id='word_1_11' title='bbox 1417 378 1521 418; x_wconf 90' lang='lat' dir='ltr'><strong>non</strong></span> <span class='ocrx_word' id='word_1_12' title='bbox 1550 363 1840 430; x_wconf 86' lang='lat' dir='ltr'><strong>seminasti,</strong></span> <span class='ocrx_word' id='word_1_13' title='bbox 1873 373 1919 418; x_wconf 87' lang='lat' dir='ltr'><strong>et</strong></span> <span class='ocrx_word' id='word_1_14' title='bbox 1946 365 2148 436; x_wconf 76' lang='lat' dir='ltr'><strong>colligis</strong></span> <span class='ocrx_word' id='word_1_15' title='bbox 2175 362 2258 418; x_wconf 85' lang='lat' dir='ltr'><strong>ubi</strong></span> <span class='ocrx_word' id='word_1_16' title='bbox 2285 360 2339 425; x_wconf 82' lang='lat' dir='ltr'><strong>A</strong></span> <span class='ocrx_word' id='word_1_17' title='bbox 2365 363 2603 420; x_wconf 85' lang='lat' dir='ltr'><strong>fidelium</strong></span> <span class='ocrx_word' id='word_1_18' title='bbox 2644 365 2968 435; x_wconf 85' lang='lat' dir='ltr'><strong>corporibus</strong></span> <span class='ocrx_word' id='word_1_19' title='bbox 3007 362 3389 437; x_wconf 80' lang='lat' dir='ltr'><strong>mentibusque</strong></span> <span class='ocrx_word' id='word_1_20' title='bbox 3431 362 3852 431; x_wconf 88' lang='lat' dir='ltr'><strong>transfunditur,</strong></span> <span class='ocrx_word' id='word_1_21' title='bbox 3905 373 3966 419; x_wconf 86' lang='lat' dir='ltr'><strong>ut</strong></span> 
     </span>
    </p>
   </div>
   <div class='ocr_carea' id='block_1_5' title="bbox 657 456 2250 529">
    <p class='ocr_par' dir='ltr' id='par_1_5' title="bbox 657 456 2250 529">
     <span class='ocr_line' id='line_1_5' title="bbox 657 456 2250 529; baseline 0.001 -19"><span class='ocrx_word' id='word_1_22' title='bbox 657 471 760 510; x_wconf 88' lang='lat' dir='ltr'><strong>non</strong></span> <span class='ocrx_word' id='word_1_23' title='bbox 791 458 1025 528; x_wconf 87' lang='lat' dir='ltr'><strong>sparsisti</strong></span> <span class='ocrx_word' id='word_1_24' title='bbox 1051 456 1072 529; x_wconf 93' lang='lat'>(</span> <span class='ocrx_word' id='word_1_25' title='bbox 1091 457 1124 527; x_wconf 60' lang='grc' dir='ltr'><em>ᾖ</em></span> <span class='ocrx_word' id='word_1_26' title='bbox 1145 457 1260 527; x_wconf 70' lang='grc'><strong>24).</strong></span> <span class='ocrx_word' id='word_1_27' title='bbox 1291 456 1494 512; x_wconf 85' lang='lat' dir='ltr'><strong>Rerum</strong></span> <span class='ocrx_word' id='word_1_28' title='bbox 1533 459 1883 528; x_wconf 66' lang='lat' dir='ltr'><strong>praesentium</strong></span> <span class='ocrx_word' id='word_1_29' title='bbox 1922 470 2111 514; x_wconf 86' lang='lat' dir='ltr'><strong>natura</strong></span> <span class='ocrx_word' id='word_1_30' title='bbox 2144 473 2250 513; x_wconf 77' lang='lat' dir='ltr'><strong>non</strong></span> 
     </span>
    </p>
   </div>
   <div class='ocr_carea' id='block_1_6' title="bbox 655 547 2253 623">
    <p class='ocr_par' dir='ltr' id='par_1_6' title="bbox 655 547 2253 623">
     <span class='ocr_line' id='line_1_6' title="bbox 655 547 2253 623; baseline 0.002 -20"><span class='ocrx_word' id='word_1_31' title='bbox 655 547 758 604; x_wconf 93' lang='lat' dir='ltr'><strong>fert</strong></span> <span class='ocrx_word' id='word_1_32' title='bbox 789 564 1019 604; x_wconf 86' lang='lat' dir='ltr'><strong>messem</strong></span> <span class='ocrx_word' id='word_1_33' title='bbox 1049 564 1171 605; x_wconf 91' lang='lat' dir='ltr'><strong>esse</strong></span> <span class='ocrx_word' id='word_1_34' title='bbox 1201 549 1322 605; x_wconf 90' lang='lat' dir='ltr'><strong>sine</strong></span> <span class='ocrx_word' id='word_1_35' title='bbox 1349 550 1578 617; x_wconf 88' lang='lat' dir='ltr'><strong>semine,</strong></span> <span class='ocrx_word' id='word_1_36' title='bbox 1618 558 1674 605; x_wconf 90' lang='lat' dir='ltr'><strong>et</strong></span> <span class='ocrx_word' id='word_1_37' title='bbox 1702 551 1883 623; x_wconf 82' lang='lat' dir='ltr'><strong>colligi</strong></span> <span class='ocrx_word' id='word_1_38' title='bbox 1914 568 2033 622; x_wconf 73' lang='lat' dir='ltr'><strong>qua:</strong></span> <span class='ocrx_word' id='word_1_39' title='bbox 2063 567 2253 622; x_wconf 86' lang='lat' dir='ltr'><strong>sparsa</strong></span> 
     </span>
    </p>
   </div>
   <div class='ocr_carea' id='block_1_7' title="bbox 654 638 2255 712">
    <p class='ocr_par' dir='ltr' id='par_1_7' title="bbox 654 638 2255 712">
     <span class='ocr_line' id='line_1_7' title="bbox 654 638 2255 712; baseline 0.001 -18"><span class='ocrx_word' id='word_1_40' title='bbox 654 654 764 695; x_wconf 91' lang='lat' dir='ltr'><strong>non</strong></span> <span class='ocrx_word' id='word_1_41' title='bbox 788 638 1023 695; x_wconf 88' lang='lat' dir='ltr'><strong>fuerint:</strong></span> <span class='ocrx_word' id='word_1_42' title='bbox 1061 640 1154 697; x_wconf 92' lang='lat' dir='ltr'><strong>sed</strong></span> <span class='ocrx_word' id='word_1_43' title='bbox 1186 649 1328 696; x_wconf 91' lang='lat' dir='ltr'><strong>totus</strong></span> <span class='ocrx_word' id='word_1_44' title='bbox 1353 640 1623 712; x_wconf 80' lang='lat' dir='ltr'><strong>spiritalis</strong></span> <span class='ocrx_word' id='word_1_45' title='bbox 1650 641 1734 697; x_wconf 90' lang='lat' dir='ltr'><strong>hic</strong></span> <span class='ocrx_word' id='word_1_46' title='bbox 1767 657 1948 698; x_wconf 88' lang='lat' dir='ltr'><strong>sermo</strong></span> <span class='ocrx_word' id='word_1_47' title='bbox 1976 651 2075 698; x_wconf 89' lang='lat' dir='ltr'><strong>est.</strong></span> <span class='ocrx_word' id='word_1_48' title='bbox 2113 642 2255 697; x_wconf 78' lang='lat' dir='ltr'><strong>Dixi-</strong></span> 
     </span>
    </p>
   </div>
   <div class='ocr_carea' id='block_1_8' title="bbox 653 731 2254 804">
    <p class='ocr_par' dir='ltr' id='par_1_8' title="bbox 653 731 2254 804">
     <span class='ocr_line' id='line_1_8' title="bbox 653 731 2254 804; baseline 0.001 -18"><span class='ocrx_word' id='word_1_49' title='bbox 653 746 777 786; x_wconf 88' lang='lat' dir='ltr'><strong>mus</strong></span> <span class='ocrx_word' id='word_1_50' title='bbox 812 732 956 786; x_wconf 90' lang='lat' dir='ltr'><strong>enim</strong></span> <span class='ocrx_word' id='word_1_51' title='bbox 999 732 1140 787; x_wconf 91' lang='lat' dir='ltr'><strong>hunc</strong></span> <span class='ocrx_word' id='word_1_52' title='bbox 1168 733 1422 802; x_wconf 90' lang='lat' dir='ltr'><strong>populum</strong></span> <span class='ocrx_word' id='word_1_53' title='bbox 1451 747 1573 787; x_wconf 90' lang='lat' dir='ltr'><strong>esse</strong></span> <span class='ocrx_word' id='word_1_54' title='bbox 1600 731 1666 787; x_wconf 90' lang='lat' dir='ltr'><strong>de</strong></span> <span class='ocrx_word' id='word_1_55' title='bbox 1696 732 1834 804; x_wconf 84' lang='lat' dir='ltr'><strong>lege,</strong></span> <span class='ocrx_word' id='word_1_56' title='bbox 1867 749 1972 788; x_wconf 89' lang='lat' dir='ltr'><strong>non</strong></span> <span class='ocrx_word' id='word_1_57' title='bbox 2002 733 2254 804; x_wconf 83' lang='lat' dir='ltr'><strong>ignoran-</strong></span> 
     </span>
    </p>
   </div>
   <div class='ocr_carea' id='block_1_9' title="bbox 653 824 2252 897">
    <p class='ocr_par' dir='ltr' id='par_1_9' title="bbox 653 824 2252 897">
     <span class='ocr_line' id='line_1_9' title="bbox 653 824 2252 897; baseline 0.002 -20"><span class='ocrx_word' id='word_1_58' title='bbox 653 832 760 880; x_wconf 93' lang='lat' dir='ltr'><strong>tem</strong></span> <span class='ocrx_word' id='word_1_59' title='bbox 795 824 1008 881; x_wconf 90' lang='lat' dir='ltr'><strong>Domini</strong></span> <span class='ocrx_word' id='word_1_60' title='bbox 1038 825 1330 880; x_wconf 84' lang='lat' dir='ltr'><strong>adventum</strong></span> <span class='ocrx_word' id='word_1_61' title='bbox 1353 837 1407 882; x_wconf 90' lang='lat' dir='ltr'><strong>et</strong></span> <span class='ocrx_word' id='word_1_62' title='bbox 1434 827 1674 897; x_wconf 87' lang='lat' dir='ltr'><strong>gentium</strong></span> <span class='ocrx_word' id='word_1_63' title='bbox 1699 829 1964 894; x_wconf 86' lang='lat' dir='ltr'><strong>salutem;</strong></span> <span class='ocrx_word' id='word_1_64' title='bbox 1997 828 2091 884; x_wconf 91' lang='lat' dir='ltr'><strong>sed</strong></span> <span class='ocrx_word' id='word_1_65' title='bbox 2125 829 2252 882; x_wconf 84' lang='lat' dir='ltr'><strong>iuti-</strong></span> 
     </span>
    </p>
   </div>
   <div class='ocr_carea' id='block_1_10' title="bbox 652 916 2253 992">
    <p class='ocr_par' dir='ltr' id='par_1_10' title="bbox 652 916 2253 992">
     <span class='ocr_line' id='line_1_10' title="bbox 652 916 2253 992; baseline 0.001 -19"><span class='ocrx_word' id='word_1_66' title='bbox 652 916 826 974; x_wconf 86' lang='lat' dir='ltr'><strong>delem</strong></span> <span class='ocrx_word' id='word_1_67' title='bbox 873 936 886 972; x_wconf 78' lang='grc' dir='ltr'>ε</span> <span class='ocrx_word' id='word_1_68' title='bbox 938 921 1137 990; x_wconf 85' lang='lat' dir='ltr'><strong>quippe</strong></span> <span class='ocrx_word' id='word_1_69' title='bbox 1182 934 1303 974; x_wconf 91' lang='lat' dir='ltr'><strong>cum</strong></span> <span class='ocrx_word' id='word_1_70' title='bbox 1354 919 1490 975; x_wconf 85' lang='lat' dir='ltr'><strong>sciat</strong></span> <span class='ocrx_word' id='word_1_71' title='bbox 1539 921 1827 991; x_wconf 82' lang='lat' dir='ltr'><strong>metendos</strong></span> <span class='ocrx_word' id='word_1_72' title='bbox 1875 923 1986 978; x_wconf 91' lang='lat' dir='ltr'><strong>illic</strong></span> <span class='ocrx_word' id='word_1_73' title='bbox 2025 921 2253 992; x_wconf 74' lang='lat' dir='ltr'><strong>justitim</strong></span> 
     </span>
    </p>
   </div>
   <div class='ocr_carea' id='block_1_11' title="bbox 651 1010 2250 1085">
    <p class='ocr_par' dir='ltr' id='par_1_11' title="bbox 651 1010 2250 1085">
     <span class='ocr_line' id='line_1_11' title="bbox 651 1010 2250 1085; baseline 0.001 -20"><span class='ocrx_word' id='word_1_74' title='bbox 651 1010 881 1078; x_wconf 89' lang='lat' dir='ltr'><strong>fructus,</strong></span> <span class='ocrx_word' id='word_1_75' title='bbox 916 1011 1006 1065; x_wconf 92' lang='lat' dir='ltr'><strong>ubi</strong></span> <span class='ocrx_word' id='word_1_76' title='bbox 1036 1011 1120 1066; x_wconf 77' lang='lat' dir='ltr'><strong>lex</strong></span> <span class='ocrx_word' id='word_1_77' title='bbox 1150 1020 1264 1066; x_wconf 88' lang='lat' dir='ltr'><strong>sata</strong></span> <span class='ocrx_word' id='word_1_78' title='bbox 1299 1027 1406 1068; x_wconf 92' lang='lat' dir='ltr'><strong>non</strong></span> <span class='ocrx_word' id='word_1_79' title='bbox 1439 1013 1531 1079; x_wconf 89' lang='lat' dir='ltr'><strong>sit,</strong></span> <span class='ocrx_word' id='word_1_80' title='bbox 1570 1023 1625 1068; x_wconf 94' lang='lat' dir='ltr'><strong>et</strong></span> <span class='ocrx_word' id='word_1_81' title='bbox 1665 1014 2000 1085; x_wconf 90' lang='lat' dir='ltr'><strong>colligendos</strong></span> <span class='ocrx_word' id='word_1_82' title='bbox 2025 1031 2090 1070; x_wconf 85' lang='lat' dir='ltr'><strong>ex</strong></span> <span class='ocrx_word' id='word_1_83' title='bbox 2115 1031 2250 1084; x_wconf 86' lang='lat' dir='ltr'><strong>gen-</strong></span> 
     </span>
    </p>
   </div>
   <div class='ocr_carea' id='block_1_12' title="bbox 650 1105 2250 1179">
    <p class='ocr_par' dir='ltr' id='par_1_12' title="bbox 650 1105 2250 1179">
     <span class='ocr_line' id='line_1_12' title="bbox 650 1105 2250 1179; baseline 0.001 -19"><span class='ocrx_word' id='word_1_84' title='bbox 650 1105 817 1172; x_wconf 85' lang='lat' dir='ltr'><strong>tibus,</strong></span> <span class='ocrx_word' id='word_1_85' title='bbox 841 1105 932 1176; x_wconf 90' lang='lat' dir='ltr'><strong>qui</strong></span> <span class='ocrx_word' id='word_1_86' title='bbox 955 1121 1063 1160; x_wconf 89' lang='lat' dir='ltr'><strong>non</strong></span> <span class='ocrx_word' id='word_1_87' title='bbox 1091 1121 1157 1161; x_wconf 87' lang='lat' dir='ltr'><strong>ex</strong></span> <span class='ocrx_word' id='word_1_88' title='bbox 1185 1105 1418 1162; x_wconf 76' lang='lat' dir='ltr'><strong>Abrahae</strong></span> <span class='ocrx_word' id='word_1_89' title='bbox 1449 1109 1560 1162; x_wconf 91' lang='lat' dir='ltr'><strong>sint</strong></span> <span class='ocrx_word' id='word_1_90' title='bbox 1581 1108 1748 1178; x_wconf 91' lang='lat' dir='ltr'><strong>stirpe</strong></span> <span class='ocrx_word' id='word_1_91' title='bbox 1779 1108 2011 1179; x_wconf 88' lang='lat' dir='ltr'><strong>dispersi</strong></span> <span class='ocrx_word' id='word_1_92' title='bbox 2042 1125 2055 1160; x_wconf 92' lang='lat'><strong>:</strong></span> <span class='ocrx_word' id='word_1_93' title='bbox 2081 1118 2134 1162; x_wconf 81' lang='lat' dir='ltr'><strong>et</strong></span> <span class='ocrx_word' id='word_1_94' title='bbox 2165 1107 2250 1162; x_wconf 86' lang='lat' dir='ltr'><strong>id-</strong></span> 
     </span>
    </p>
   </div>
   <div class='ocr_carea' id='block_1_13' title="bbox 648 1197 2238 1270">
    <p class='ocr_par' dir='ltr' id='par_1_13' title="bbox 648 1197 2238 1270">
     <span class='ocr_line' id='line_1_13' title="bbox 648 1197 2238 1270; baseline 0.001 -18"><span class='ocrx_word' id='word_1_95' title='bbox 648 1197 795 1254; x_wconf 92' lang='lat' dir='ltr'><strong>circo</strong></span> <span class='ocrx_word' id='word_1_96' title='bbox 817 1198 982 1255; x_wconf 91' lang='lat' dir='ltr'><strong>durus</strong></span> <span class='ocrx_word' id='word_1_97' title='bbox 1012 1198 1098 1254; x_wconf 88' lang='lat' dir='ltr'><strong>hic</strong></span> <span class='ocrx_word' id='word_1_98' title='bbox 1127 1198 1290 1253; x_wconf 92' lang='lat' dir='ltr'><strong>homo</strong></span> <span class='ocrx_word' id='word_1_99' title='bbox 1318 1199 1420 1264; x_wconf 87' lang='lat' dir='ltr'><strong>sit,</strong></span> <span class='ocrx_word' id='word_1_100' title='bbox 1448 1200 1652 1254; x_wconf 88' lang='lat' dir='ltr'><strong>scilicet</strong></span> <span class='ocrx_word' id='word_1_101' title='bbox 1683 1200 1800 1256; x_wconf 85' lang='lat' dir='ltr'><strong>sine</strong></span> <span class='ocrx_word' id='word_1_102' title='bbox 1830 1201 1948 1270; x_wconf 87' lang='lat' dir='ltr'><strong>lege</strong></span> <span class='ocrx_word' id='word_1_103' title='bbox 1970 1199 2238 1270; x_wconf 85' lang='lat' dir='ltr'><strong>justiﬁca-</strong></span> 
     </span>
    </p>
   </div>
   <div class='ocr_carea' id='block_1_14' title="bbox 651 1293 2250 1364">
    <p class='ocr_par' dir='ltr' id='par_1_14' title="bbox 651 1293 2250 1364">
     <span class='ocr_line' id='line_1_14' title="bbox 651 1293 2250 1364; baseline 0.001 -18"><span class='ocrx_word' id='word_1_104' title='bbox 651 1300 823 1357; x_wconf 89' lang='lat' dir='ltr'><strong>turus,</strong></span> <span class='ocrx_word' id='word_1_105' title='bbox 865 1293 982 1348; x_wconf 90' lang='lat' dir='ltr'><strong>sine</strong></span> <span class='ocrx_word' id='word_1_106' title='bbox 1026 1293 1360 1364; x_wconf 86' lang='lat' dir='ltr'><strong>dispersione</strong></span> <span class='ocrx_word' id='word_1_107' title='bbox 1389 1294 1740 1362; x_wconf 90' lang='lat' dir='ltr'><strong>collecturus,</strong></span> <span class='ocrx_word' id='word_1_108' title='bbox 1786 1304 1841 1350; x_wconf 90' lang='lat' dir='ltr'><strong>et</strong></span> <span class='ocrx_word' id='word_1_109' title='bbox 1885 1294 2005 1350; x_wconf 90' lang='lat' dir='ltr'><strong>sine</strong></span> <span class='ocrx_word' id='word_1_110' title='bbox 2039 1294 2250 1350; x_wconf 84' lang='lat' dir='ltr'><strong>satione</strong></span> 
     </span>
    </p>
   </div>
   <div class='ocr_carea' id='block_1_15' title="bbox 649 1401 950 1442">
    <p class='ocr_par' dir='ltr' id='par_1_15' title="bbox 649 1401 950 1442">
     <span class='ocr_line' id='line_1_15' title="bbox 649 1401 950 1442; baseline -0.007 0"><span class='ocrx_word' id='word_1_111' title='bbox 649 1401 950 1442; x_wconf 89' lang='lat' dir='ltr'><strong>messurus.</strong></span> 
     </span>
    </p>
   </div>
   <div class='ocr_carea' id='block_1_16' title="bbox 723 1477 2250 1552">
    <p class='ocr_par' dir='ltr' id='par_1_16' title="bbox 723 1477 2250 1552">
     <span class='ocr_line' id='line_1_16' title="bbox 723 1477 2250 1552; baseline 0.001 -21"><span class='ocrx_word' id='word_1_112' title='bbox 723 1477 810 1532; x_wconf 81' lang='grc' dir='ltr'><strong>Η.</strong></span> <span class='ocrx_word' id='word_1_113' title='bbox 860 1477 1066 1545; x_wconf 86' lang='lat' dir='ltr'><strong>Quanta</strong></span> <span class='ocrx_word' id='word_1_114' title='bbox 1105 1479 1276 1550; x_wconf 90' lang='lat' dir='ltr'><strong>culpa.</strong></span> <span class='ocrx_word' id='word_1_115' title='bbox 1325 1479 1452 1545; x_wconf 79' lang='lat' dir='ltr'><strong>Quw</strong></span> <span class='ocrx_word' id='word_1_116' title='bbox 1499 1480 1657 1552; x_wconf 87' lang='lat' dir='ltr'><strong>hujus</strong></span> <span class='ocrx_word' id='word_1_117' title='bbox 1697 1481 1864 1552; x_wconf 66' lang='lat' dir='ltr'><strong>culpa:</strong></span> <span class='ocrx_word' id='word_1_118' title='bbox 1904 1479 2149 1534; x_wconf 78' lang='lat' dir='ltr'><strong>vindicta.</strong></span> <span class='ocrx_word' id='word_1_119' title='bbox 2183 1510 2250 1519; x_wconf 92' lang='lat'><strong><em>—</em></strong></span> 
     </span>
    </p>
   </div>
   <div class='ocr_carea' id='block_1_17' title="bbox 647 1570 2249 1644">
    <p class='ocr_par' dir='ltr' id='par_1_17' title="bbox 647 1570 2249 1644">
     <span class='ocr_line' id='line_1_17' title="bbox 647 1570 2249 1644; baseline 0 -16"><span class='ocrx_word' id='word_1_120' title='bbox 647 1571 826 1641; x_wconf 78' lang='lat' dir='ltr'><strong>Atque</strong></span> <span class='ocrx_word' id='word_1_121' title='bbox 855 1570 977 1626; x_wconf 90' lang='lat' dir='ltr'><strong>ideo</strong></span> <span class='ocrx_word' id='word_1_122' title='bbox 1018 1571 1122 1627; x_wconf 91' lang='lat' dir='ltr'><strong>hoc</strong></span> <span class='ocrx_word' id='word_1_123' title='bbox 1162 1571 1330 1642; x_wconf 89' lang='lat' dir='ltr'><strong>magis</strong></span> <span class='ocrx_word' id='word_1_124' title='bbox 1361 1573 1480 1628; x_wconf 92' lang='lat' dir='ltr'><strong>sine</strong></span> <span class='ocrx_word' id='word_1_125' title='bbox 1503 1573 1659 1628; x_wconf 92' lang='lat' dir='ltr'><strong>venia</strong></span> <span class='ocrx_word' id='word_1_126' title='bbox 1703 1574 1828 1638; x_wconf 92' lang='lat' dir='ltr'><strong>erit,</strong></span> <span class='ocrx_word' id='word_1_127' title='bbox 1860 1589 1956 1629; x_wconf 90' lang='lat' dir='ltr'><strong>cur</strong></span> <span class='ocrx_word' id='word_1_128' title='bbox 1987 1573 2249 1644; x_wconf 71' lang='lat' dir='ltr'><strong>prmdica-</strong></span> 
     </span>
    </p>
   </div>
   <div class='ocr_carea' id='block_1_18' title="bbox 649 1662 2250 1729">
    <p class='ocr_par' dir='ltr' id='par_1_18' title="bbox 649 1662 2250 1729">
     <span class='ocr_line' id='line_1_18' title="bbox 649 1662 2250 1729; baseline 0.002 -13"><span class='ocrx_word' id='word_1_129' title='bbox 649 1662 849 1717; x_wconf 90' lang='lat' dir='ltr'><strong>tionem</strong></span> <span class='ocrx_word' id='word_1_130' title='bbox 879 1663 1203 1729; x_wconf 90' lang='lat' dir='ltr'><strong>occuluerit,</strong></span> <span class='ocrx_word' id='word_1_131' title='bbox 1227 1673 1282 1719; x_wconf 87' lang='lat' dir='ltr'><strong>ct</strong></span> <span class='ocrx_word' id='word_1_132' title='bbox 1318 1664 1664 1720; x_wconf 85' lang='lat' dir='ltr'><strong>commissum</strong></span> <span class='ocrx_word' id='word_1_133' title='bbox 1694 1665 1798 1721; x_wconf 90' lang='lat' dir='ltr'><strong>sibi</strong></span> <span class='ocrx_word' id='word_1_134' title='bbox 1846 1665 2105 1721; x_wconf 85' lang='lat' dir='ltr'><strong>talentum</strong></span> <span class='ocrx_word' id='word_1_135' title='bbox 2136 1665 2250 1721; x_wconf 89' lang='lat' dir='ltr'><strong>suf-</strong></span> 
     </span>
    </p>
   </div>
   <div class='ocr_carea' id='block_1_19' title="bbox 2359 455 3968 528">
    <p class='ocr_par' dir='ltr' id='par_1_19' title="bbox 2359 455 3968 528">
     <span class='ocr_line' id='line_1_19' title="bbox 2359 455 3968 528; baseline 0.001 -20"><span class='ocrx_word' id='word_1_136' title='bbox 2359 455 2474 511; x_wconf 80' lang='lat' dir='ltr'><strong>lnec</strong></span> <span class='ocrx_word' id='word_1_137' title='bbox 2519 455 2592 528; x_wconf 93' lang='lat' dir='ltr'><strong>(b)</strong></span> <span class='ocrx_word' id='word_1_138' title='bbox 2624 457 2974 512; x_wconf 84' lang='lat' dir='ltr'><strong>humanitatis</strong></span> <span class='ocrx_word' id='word_1_139' title='bbox 3002 456 3204 524; x_wconf 91' lang='lat' dir='ltr'><strong>ofﬁcia,</strong></span> <span class='ocrx_word' id='word_1_140' title='bbox 3250 465 3343 511; x_wconf 88' lang='lat' dir='ltr'><strong>aut</strong></span> <span class='ocrx_word' id='word_1_141' title='bbox 3381 455 3611 527; x_wconf 79' lang='lat' dir='ltr'><strong>gratiam</strong></span> <span class='ocrx_word' id='word_1_142' title='bbox 3659 472 3809 510; x_wconf 87' lang='lat' dir='ltr'><strong>suam</strong></span> <span class='ocrx_word' id='word_1_143' title='bbox 3855 456 3968 510; x_wconf 87' lang='lat' dir='ltr'><strong>im-</strong></span> 
     </span>
    </p>
   </div>
   <div class='ocr_carea' id='block_1_20' title="bbox 2357 548 3961 620">
    <p class='ocr_par' dir='ltr' id='par_1_20' title="bbox 2357 548 3961 620">
     <span class='ocr_line' id='line_1_20' title="bbox 2357 548 3961 620; baseline -0.001 -18"><span class='ocrx_word' id='word_1_144' title='bbox 2357 563 2523 619; x_wconf 90' lang='lat' dir='ltr'><strong>pensa</strong></span> <span class='ocrx_word' id='word_1_145' title='bbox 2550 557 2883 615; x_wconf 88' lang='lat' dir='ltr'><strong>mereantur,</strong></span> <span class='ocrx_word' id='word_1_146' title='bbox 2915 558 3006 604; x_wconf 88' lang='lat' dir='ltr'><strong>aut</strong></span> <span class='ocrx_word' id='word_1_147' title='bbox 3035 548 3300 604; x_wconf 79' lang='lat' dir='ltr'><strong>olfensam</strong></span> <span class='ocrx_word' id='word_1_148' title='bbox 3327 557 3521 620; x_wconf 84' lang='lat' dir='ltr'><strong>negata</strong></span> <span class='ocrx_word' id='word_1_149' title='bbox 3556 558 3961 604; x_wconf 87' lang='lat' dir='ltr'><strong>commoveant.</strong></span> 
     </span>
    </p>
   </div>
   <div class='ocr_carea' id='block_1_21' title="bbox 2429 639 3959 713">
    <p class='ocr_par' dir='ltr' id='par_1_21' title="bbox 2429 639 3959 713">
     <span class='ocr_line' id='line_1_21' title="bbox 2429 639 3959 713; baseline 0.003 -21"><span class='ocrx_word' id='word_1_150' title='bbox 2429 639 2483 692; x_wconf 73' lang='grc'><strong>2.</strong></span> <span class='ocrx_word' id='word_1_151' title='bbox 2511 639 2642 694; x_wconf 87' lang='lat' dir='ltr'><strong>Post</strong></span> <span class='ocrx_word' id='word_1_152' title='bbox 2668 657 2828 712; x_wconf 91' lang='lat' dir='ltr'><strong>quem</strong></span> <span class='ocrx_word' id='word_1_153' title='bbox 2868 656 3205 707; x_wconf 89' lang='lat' dir='ltr'><strong>sermonem,</strong></span> <span class='ocrx_word' id='word_1_154' title='bbox 3231 657 3340 713; x_wconf 88' lang='lat' dir='ltr'><strong>quo</strong></span> <span class='ocrx_word' id='word_1_155' title='bbox 3375 655 3435 697; x_wconf 88' lang='lat' dir='ltr'><strong>se</strong></span> <span class='ocrx_word' id='word_1_156' title='bbox 3465 650 3753 698; x_wconf 90' lang='lat' dir='ltr'><strong>venturum</strong></span> <span class='ocrx_word' id='word_1_157' title='bbox 3780 641 3831 696; x_wconf 89' lang='lat' dir='ltr'><strong>in</strong></span> <span class='ocrx_word' id='word_1_158' title='bbox 3858 657 3959 696; x_wconf 80' lang='lat' dir='ltr'><strong>re—</strong></span> 
     </span>
    </p>
   </div>
   <div class='ocr_carea' id='block_1_22' title="bbox 2357 731 3960 804">
    <p class='ocr_par' dir='ltr' id='par_1_22' title="bbox 2357 731 3960 804">
     <span class='ocr_line' id='line_1_22' title="bbox 2357 731 3960 804; baseline 0.001 -18"><span class='ocrx_word' id='word_1_159' title='bbox 2357 731 2469 786; x_wconf 92' lang='lat' dir='ltr'><strong>ditu</strong></span> <span class='ocrx_word' id='word_1_160' title='bbox 2519 732 2781 789; x_wconf 89' lang='lat' dir='ltr'><strong>claritatis</strong></span> <span class='ocrx_word' id='word_1_161' title='bbox 2828 734 3164 801; x_wconf 87' lang='lat' dir='ltr'><strong>ostenderat,</strong></span> <span class='ocrx_word' id='word_1_162' title='bbox 3212 749 3357 789; x_wconf 91' lang='lat' dir='ltr'><strong>nunc</strong></span> <span class='ocrx_word' id='word_1_163' title='bbox 3401 749 3687 804; x_wconf 89' lang='lat' dir='ltr'><strong>passurum</strong></span> <span class='ocrx_word' id='word_1_164' title='bbox 3733 747 3856 788; x_wconf 82' lang='lat' dir='ltr'><strong>esse</strong></span> <span class='ocrx_word' id='word_1_165' title='bbox 3897 748 3960 788; x_wconf 85' lang='lat' dir='ltr'><strong>se</strong></span> 
     </span>
    </p>
   </div>
   <div class='ocr_carea' id='block_1_23' title="bbox 2356 824 3963 899">
    <p class='ocr_par' dir='ltr' id='par_1_23' title="bbox 2356 824 3963 899">
     <span class='ocr_line' id='line_1_23' title="bbox 2356 824 3963 899; baseline 0.003 -21"><span class='ocrx_word' id='word_1_166' title='bbox 2356 824 2613 882; x_wconf 88' lang='lat' dir='ltr'><strong>admonet</strong></span> <span class='ocrx_word' id='word_1_167' title='bbox 2649 827 2864 898; x_wconf 78' lang='lat' dir='ltr'><strong>(Matth.</strong></span> <span class='ocrx_word' id='word_1_168' title='bbox 2904 843 3060 894; x_wconf 77' lang='lat' dir='ltr'><strong>xxvr,</strong></span> <span class='ocrx_word' id='word_1_169' title='bbox 3108 827 3205 899; x_wconf 77' lang='lat' dir='ltr'><strong>f):</strong></span> <span class='ocrx_word' id='word_1_170' title='bbox 3241 837 3299 883; x_wconf 87' lang='lat' dir='ltr'><strong>ut</strong></span> <span class='ocrx_word' id='word_1_171' title='bbox 3336 837 3736 884; x_wconf 84' lang='lat' dir='ltr'><strong>sacramentum</strong></span> <span class='ocrx_word' id='word_1_172' title='bbox 3776 827 3963 883; x_wconf 89' lang='lat' dir='ltr'><strong>crucis</strong></span> 
     </span>
    </p>
   </div>
   <div class='ocr_carea' id='block_1_24' title="bbox 2356 919 3961 993">
    <p class='ocr_par' dir='ltr' id='par_1_24' title="bbox 2356 919 3961 993">
     <span class='ocr_line' id='line_1_24' title="bbox 2356 919 3961 993; baseline 0.002 -20"><span class='ocrx_word' id='word_1_173' title='bbox 2356 919 2652 975; x_wconf 87' lang='lat' dir='ltr'><strong>admixtum</strong></span> <span class='ocrx_word' id='word_1_174' title='bbox 2690 937 2810 977; x_wconf 89' lang='lat' dir='ltr'><strong>esse</strong></span> <span class='ocrx_word' id='word_1_175' title='bbox 2841 921 3028 993; x_wconf 71' lang='lat' dir='ltr'><strong>gloria:</strong></span> <span class='ocrx_word' id='word_1_176' title='bbox 3067 922 3389 977; x_wconf 63' lang='lat' dir='ltr'><strong>aeternitatis</strong></span> <span class='ocrx_word' id='word_1_177' title='bbox 3431 929 3811 992; x_wconf 79' lang='lat' dir='ltr'><strong>agnoscerent.</strong></span> <span class='ocrx_word' id='word_1_178' title='bbox 3851 921 3961 976; x_wconf 84' lang='lat' dir='ltr'><strong>Su-</strong></span> 
     </span>
    </p>
   </div>
   <div class='ocr_carea' id='block_1_25' title="bbox 2356 1011 3961 1083">
    <p class='ocr_par' dir='ltr' id='par_1_25' title="bbox 2356 1011 3961 1083">
     <span class='ocr_line' id='line_1_25' title="bbox 2356 1011 3961 1083; baseline 0.002 -19"><span class='ocrx_word' id='word_1_179' title='bbox 2356 1011 2518 1064; x_wconf 89' lang='lat' dir='ltr'><strong>mitur</strong></span> <span class='ocrx_word' id='word_1_180' title='bbox 2549 1013 2688 1067; x_wconf 89' lang='lat' dir='ltr'><strong>inter</strong></span> <span class='ocrx_word' id='word_1_181' title='bbox 2719 1012 2833 1068; x_wconf 63' lang='lat' dir='ltr'><strong>haec</strong></span> <span class='ocrx_word' id='word_1_182' title='bbox 2861 1012 3164 1082; x_wconf 88' lang='lat' dir='ltr'><strong>perimendi</strong></span> <span class='ocrx_word' id='word_1_183' title='bbox 3187 1013 3304 1083; x_wconf 83' lang='lat' dir='ltr'><strong>ejus</strong></span> <span class='ocrx_word' id='word_1_184' title='bbox 3330 1028 3359 1068; x_wconf 90' lang='lat' dir='ltr'><strong>a</strong></span> <span class='ocrx_word' id='word_1_185' title='bbox 3389 1012 3593 1069; x_wconf 73' lang='lat' dir='ltr'><strong>Judzcis</strong></span> <span class='ocrx_word' id='word_1_186' title='bbox 3616 1013 3914 1068; x_wconf 88' lang='lat' dir='ltr'><strong>consilium</strong></span> <span class='ocrx_word' id='word_1_187' title='bbox 3944 1032 3961 1068; x_wconf 89' lang='lat'>:</span> 
     </span>
    </p>
   </div>
   <div class='ocr_carea' id='block_1_26' title="bbox 2355 1106 3965 1176">
    <p class='ocr_par' dir='ltr' id='par_1_26' title="bbox 2355 1106 3965 1176">
     <span class='ocr_line' id='line_1_26' title="bbox 2355 1106 3965 1176; baseline 0.002 -18"><span class='ocrx_word' id='word_1_188' title='bbox 2355 1113 2410 1158; x_wconf 90' lang='lat' dir='ltr'><strong>et</strong></span> <span class='ocrx_word' id='word_1_189' title='bbox 2438 1106 2777 1176; x_wconf 76' lang='lat' dir='ltr'><strong>congregatis</strong></span> <span class='ocrx_word' id='word_1_190' title='bbox 2805 1107 3138 1176; x_wconf 89' lang='lat' dir='ltr'><strong>principibus</strong></span> <span class='ocrx_word' id='word_1_191' title='bbox 3165 1107 3534 1174; x_wconf 86' lang='lat' dir='ltr'><strong>sacerdotum,</strong></span> <span class='ocrx_word' id='word_1_192' title='bbox 3569 1109 3792 1164; x_wconf 87' lang='lat' dir='ltr'><strong>occasio</strong></span> <span class='ocrx_word' id='word_1_193' title='bbox 3825 1108 3965 1162; x_wconf 88' lang='lat' dir='ltr'><strong>tanti</strong></span> 
     </span>
    </p>
   </div>
   <div class='ocr_carea' id='block_1_27' title="bbox 2356 1193 3184 1270">
    <p class='ocr_par' dir='ltr' id='par_1_27' title="bbox 2356 1193 3184 1270">
     <span class='ocr_line' id='line_1_27' title="bbox 2356 1193 3184 1270; baseline 0.001 -21"><span class='ocrx_word' id='word_1_194' title='bbox 2356 1193 2612 1252; x_wconf 84' lang='lat' dir='ltr'><strong>facinoris</strong></span> <span class='ocrx_word' id='word_1_195' title='bbox 2633 1206 2975 1267; x_wconf 83' lang='lat' dir='ltr'><strong>exspectatur</strong></span> <span class='ocrx_word' id='word_1_196' title='bbox 3007 1197 3081 1268; x_wconf 68' lang='grc' dir='ltr'><strong>(Ῡ</strong></span> <span class='ocrx_word' id='word_1_197' title='bbox 3105 1195 3184 1270; x_wconf 75' lang='grc'><strong>4).</strong></span> 
     </span>
    </p>
   </div>
   <div class='ocr_carea' id='block_1_28' title="bbox 2921 1336 3384 1395">
    <p class='ocr_par' dir='ltr' id='par_1_28' title="bbox 2921 1336 3384 1395">
     <span class='ocr_line' id='line_1_28' title="bbox 2921 1336 3384 1395; baseline 0 -1"><span class='ocrx_word' id='word_1_198' title='bbox 2921 1336 3150 1395; x_wconf 83' lang='lat' dir='ltr'><strong>CAPUT</strong></span> <span class='ocrx_word' id='word_1_199' title='bbox 3190 1338 3384 1394; x_wconf 79' lang='lat' dir='ltr'><strong>XXIX.</strong></span> 
     </span>
    </p>
   </div>
   <div class='ocr_carea' id='block_1_29' title="bbox 2355 1451 3960 1525">
    <p class='ocr_par' dir='ltr' id='par_1_29' title="bbox 2355 1451 3960 1525">
     <span class='ocr_line' id='line_1_29' title="bbox 2355 1451 3960 1525; baseline 0.004 -19"><span class='ocrx_word' id='word_1_200' title='bbox 2355 1451 2434 1509; x_wconf 89' lang='lat' dir='ltr'><strong>De</strong></span> <span class='ocrx_word' id='word_1_201' title='bbox 2453 1453 2684 1521; x_wconf 84' lang='lat' dir='ltr'><strong>muliere,</strong></span> <span class='ocrx_word' id='word_1_202' title='bbox 2707 1469 2822 1525; x_wconf 74' lang='lat' dir='ltr'><strong>qua:</strong></span> <span class='ocrx_word' id='word_1_203' title='bbox 2840 1455 3054 1508; x_wconf 82' lang='lat' dir='ltr'><strong>accessit</strong></span> <span class='ocrx_word' id='word_1_204' title='bbox 3083 1453 3152 1507; x_wconf 88' lang='lat' dir='ltr'><strong>ad</strong></span> <span class='ocrx_word' id='word_1_205' title='bbox 3185 1453 3368 1508; x_wconf 75' lang='lat' dir='ltr'><strong>Iesum</strong></span> <span class='ocrx_word' id='word_1_206' title='bbox 3401 1455 3454 1507; x_wconf 86' lang='lat' dir='ltr'><strong>in</strong></span> <span class='ocrx_word' id='word_1_207' title='bbox 3488 1455 3695 1509; x_wconf 87' lang='lat' dir='ltr'><strong>domum</strong></span> <span class='ocrx_word' id='word_1_208' title='bbox 3719 1455 3960 1513; x_wconf 86' lang='lat' dir='ltr'><strong>Simonis</strong></span> 
     </span>
    </p>
   </div>
   <div class='ocr_carea' id='block_1_30' title="bbox 2497 1545 3806 1618">
    <p class='ocr_par' dir='ltr' id='par_1_30' title="bbox 2497 1545 3806 1618">
     <span class='ocr_line' id='line_1_30' title="bbox 2497 1545 3806 1618; baseline 0.004 -20"><span class='ocrx_word' id='word_1_209' title='bbox 2497 1545 2687 1616; x_wconf 86' lang='lat' dir='ltr'><strong>leprosi</strong></span> <span class='ocrx_word' id='word_1_210' title='bbox 2727 1545 2919 1601; x_wconf 90' lang='lat' dir='ltr'><strong>habens</strong></span> <span class='ocrx_word' id='word_1_211' title='bbox 2954 1546 3269 1600; x_wconf 82' lang='lat' dir='ltr'><strong>alabastrum</strong></span> <span class='ocrx_word' id='word_1_212' title='bbox 3298 1548 3547 1618; x_wconf 84' lang='lat' dir='ltr'><strong>unguenti</strong></span> <span class='ocrx_word' id='word_1_213' title='bbox 3577 1549 3806 1618; x_wconf 80' lang='lat' dir='ltr'><strong>pretiosi.</strong></span> 
     </span>
    </p>
   </div>
   <div class='ocr_carea' id='block_1_31' title="bbox 2427 1658 3962 1721">
    <p class='ocr_par' dir='ltr' id='par_1_31' title="bbox 2427 1658 3962 1721">
     <span class='ocr_line' id='line_1_31' title="bbox 2427 1658 3962 1721; baseline 0.004 -8"><span class='ocrx_word' id='word_1_214' title='bbox 2427 1659 2480 1713; x_wconf 76' lang='grc' dir='ltr'><strong>Ι.</strong></span> <span class='ocrx_word' id='word_1_215' title='bbox 2515 1658 2643 1713; x_wconf 88' lang='lat' dir='ltr'><strong>Cum</strong></span> <span class='ocrx_word' id='word_1_216' title='bbox 2667 1669 2838 1714; x_wconf 82' lang='lat' dir='ltr'><strong>autent</strong></span> <span class='ocrx_word' id='word_1_217' title='bbox 2874 1669 3002 1714; x_wconf 80' lang='lat' dir='ltr'><strong>esset</strong></span> <span class='ocrx_word' id='word_1_218' title='bbox 3037 1659 3190 1716; x_wconf 72' lang='lat' dir='ltr'><strong>Iesus</strong></span> <span class='ocrx_word' id='word_1_219' title='bbox 3220 1661 3272 1715; x_wconf 87' lang='lat' dir='ltr'><strong>in</strong></span> <span class='ocrx_word' id='word_1_220' title='bbox 3300 1659 3552 1716; x_wconf 80' lang='lat' dir='ltr'><strong>Bethania</strong></span> <span class='ocrx_word' id='word_1_221' title='bbox 3590 1663 3643 1717; x_wconf 89' lang='lat' dir='ltr'><strong>in</strong></span> <span class='ocrx_word' id='word_1_222' title='bbox 3670 1665 3824 1719; x_wconf 87' lang='lat' dir='ltr'><strong>domo</strong></span> <span class='ocrx_word' id='word_1_223' title='bbox 3863 1665 3962 1721; x_wconf 86' lang='lat' dir='ltr'><strong>Si-</strong></span> 
     </span>
    </p>
   </div>
   <div class='ocr_carea' id='block_1_32' title="bbox 647 1753 2240 1825">
    <p class='ocr_par' dir='ltr' id='par_1_32' title="bbox 647 1755 2240 1825">
     <span class='ocr_line' id='line_1_32' title="bbox 647 1755 2240 1825; baseline 0.003 -15"><span class='ocrx_word' id='word_1_224' title='bbox 647 1755 879 1823; x_wconf 90' lang='lat' dir='ltr'><strong>foderit,</strong></span> <span class='ocrx_word' id='word_1_225' title='bbox 922 1771 1043 1812; x_wconf 90' lang='lat' dir='ltr'><strong>cum</strong></span> <span class='ocrx_word' id='word_1_226' title='bbox 1076 1759 1215 1813; x_wconf 91' lang='lat' dir='ltr'><strong>scire</strong></span> <span class='ocrx_word' id='word_1_227' title='bbox 1247 1772 1548 1813; x_wconf 90' lang='lat' dir='ltr'><strong>mcssurum</strong></span> <span class='ocrx_word' id='word_1_228' title='bbox 1592 1773 1715 1814; x_wconf 92' lang='lat' dir='ltr'><strong>esse</strong></span> <span class='ocrx_word' id='word_1_229' title='bbox 1757 1759 1875 1814; x_wconf 89' lang='lat' dir='ltr'><strong>sine</strong></span> <span class='ocrx_word' id='word_1_230' title='bbox 1916 1759 2126 1815; x_wconf 90' lang='lat' dir='ltr'><strong>semine</strong></span> <span class='ocrx_word' id='word_1_231' title='bbox 2149 1800 2163 1825; x_wconf 94' lang='lat'><strong>,</strong></span> <span class='ocrx_word' id='word_1_232' title='bbox 2193 1767 2240 1815; x_wconf 89' lang='lat' dir='ltr'><strong>et</strong></span> 
     </span>
    </p>
   </div>
   <div class='ocr_carea' id='block_1_33' title="bbox 2347 1753 3962 1825">
    <p class='ocr_par' dir='ltr' id='par_1_33' title="bbox 2352 1753 3962 1822">
     <span class='ocr_line' id='line_1_33' title="bbox 2352 1753 3962 1822; baseline 0.004 -16"><span class='ocrx_word' id='word_1_233' title='bbox 2352 1754 2518 1808; x_wconf 90' lang='lat' dir='ltr'><strong>monis</strong></span> <span class='ocrx_word' id='word_1_234' title='bbox 2561 1753 2775 1822; x_wconf 90' lang='lat' dir='ltr'><strong>leprosi,</strong></span> <span class='ocrx_word' id='word_1_235' title='bbox 2815 1755 3028 1809; x_wconf 89' lang='lat' dir='ltr'><strong>accessit</strong></span> <span class='ocrx_word' id='word_1_236' title='bbox 3057 1755 3126 1808; x_wconf 90' lang='lat' dir='ltr'><strong>ad</strong></span> <span class='ocrx_word' id='word_1_237' title='bbox 3167 1771 3281 1808; x_wconf 89' lang='lat' dir='ltr'><strong>eum</strong></span> <span class='ocrx_word' id='word_1_238' title='bbox 3309 1756 3496 1810; x_wconf 85' lang='lat' dir='ltr'><strong>mulier</strong></span> <span class='ocrx_word' id='word_1_239' title='bbox 3532 1755 3720 1811; x_wconf 87' lang='lat' dir='ltr'><strong>habens</strong></span> <span class='ocrx_word' id='word_1_240' title='bbox 3749 1759 3962 1812; x_wconf 85' lang='lat' dir='ltr'><strong>alabas-</strong></span> 
     </span>
    </p>
   </div>
   <div class='ocr_carea' id='block_1_34' title="bbox 647 1847 2247 1918">
    <p class='ocr_par' dir='ltr' id='par_1_34' title="bbox 647 1847 2247 1918">
     <span class='ocr_line' id='line_1_34' title="bbox 647 1847 2247 1918; baseline 0.001 -16"><span class='ocrx_word' id='word_1_241' title='bbox 647 1847 1003 1902; x_wconf 92' lang='lat' dir='ltr'><strong>collecturum</strong></span> <span class='ocrx_word' id='word_1_242' title='bbox 1040 1862 1164 1902; x_wconf 92' lang='lat' dir='ltr'><strong>esse</strong></span> <span class='ocrx_word' id='word_1_243' title='bbox 1213 1864 1334 1916; x_wconf 82' lang='lat' dir='ltr'><strong>quae</strong></span> <span class='ocrx_word' id='word_1_244' title='bbox 1382 1865 1487 1902; x_wconf 87' lang='lat' dir='ltr'><strong>non</strong></span> <span class='ocrx_word' id='word_1_245' title='bbox 1529 1851 1822 1918; x_wconf 85' lang='lat' dir='ltr'><strong>sparsisset</strong></span> <span class='ocrx_word' id='word_1_246' title='bbox 1869 1869 1880 1902; x_wconf 94' lang='lat'>:</span> <span class='ocrx_word' id='word_1_247' title='bbox 1931 1850 2026 1906; x_wconf 90' lang='lat' dir='ltr'><strong>sed</strong></span> <span class='ocrx_word' id='word_1_248' title='bbox 2069 1851 2247 1918; x_wconf 87' lang='lat' dir='ltr'><strong>potius</strong></span> 
     </span>
    </p>
   </div>
   <div class='ocr_carea' id='block_1_35' title="bbox 646 1940 2248 2011">
    <p class='ocr_par' dir='ltr' id='par_1_35' title="bbox 646 1940 2248 2011">
     <span class='ocr_line' id='line_1_35' title="bbox 646 1940 2248 2011; baseline 0.001 -15"><span class='ocrx_word' id='word_1_249' title='bbox 646 1940 955 2011; x_wconf 85' lang='lat' dir='ltr'><strong>oportuisse</strong></span> <span class='ocrx_word' id='word_1_250' title='bbox 985 1955 1107 1994; x_wconf 91' lang='lat' dir='ltr'><strong>eum</strong></span> <span class='ocrx_word' id='word_1_251' title='bbox 1142 1941 1522 1995; x_wconf 90' lang='lat' dir='ltr'><strong>nummulariis</strong></span> <span class='ocrx_word' id='word_1_252' title='bbox 1559 1941 1714 2006; x_wconf 89' lang='lat' dir='ltr'><strong>dare,</strong></span> <span class='ocrx_word' id='word_1_253' title='bbox 1758 1942 1809 1996; x_wconf 92' lang='lat' dir='ltr'><strong>id</strong></span> <span class='ocrx_word' id='word_1_254' title='bbox 1852 1951 1958 2009; x_wconf 92' lang='lat' dir='ltr'><strong>est,</strong></span> <span class='ocrx_word' id='word_1_255' title='bbox 1993 1943 2248 1998; x_wconf 91' lang='lat' dir='ltr'><strong>universo</strong></span> 
     </span>
    </p>
   </div>
   <div class='ocr_carea' id='block_1_36' title="bbox 648 2030 2245 2104">
    <p class='ocr_par' dir='ltr' id='par_1_36' title="bbox 648 2030 2245 2104">
     <span class='ocr_line' id='line_1_36' title="bbox 648 2030 2245 2104; baseline 0.001 -17"><span class='ocrx_word' id='word_1_256' title='bbox 648 2032 832 2102; x_wconf 84' lang='lat' dir='ltr'><strong>generi</strong></span> <span class='ocrx_word' id='word_1_257' title='bbox 885 2030 1191 2096; x_wconf 90' lang='lat' dir='ltr'><strong>hominum,</strong></span> <span class='ocrx_word' id='word_1_258' title='bbox 1234 2031 1378 2098; x_wconf 89' lang='lat' dir='ltr'><strong>quod</strong></span> <span class='ocrx_word' id='word_1_259' title='bbox 1425 2031 1610 2086; x_wconf 65' lang='grc' dir='ltr'><strong>επιξυΙί</strong></span> <span class='ocrx_word' id='word_1_260' title='bbox 1657 2033 1888 2102; x_wconf 86' lang='lat' dir='ltr'><strong>negotiis</strong></span> <span class='ocrx_word' id='word_1_261' title='bbox 1931 2043 2245 2104; x_wconf 90' lang='lat' dir='ltr'><strong>occupetur,</strong></span> 
     </span>
    </p>
   </div>
   <div class='ocr_carea' id='block_1_37' title="bbox 647 2122 2247 2190">
    <p class='ocr_par' dir='ltr' id='par_1_37' title="bbox 647 2122 2247 2190">
     <span class='ocr_line' id='line_1_37' title="bbox 647 2122 2247 2190; baseline 0.001 -12"><span class='ocrx_word' id='word_1_262' title='bbox 647 2139 803 2179; x_wconf 91' lang='lat' dir='ltr'><strong>usum</strong></span> <span class='ocrx_word' id='word_1_263' title='bbox 831 2122 1025 2179; x_wconf 88' lang='lat' dir='ltr'><strong>crediti</strong></span> <span class='ocrx_word' id='word_1_264' title='bbox 1067 2122 1171 2178; x_wconf 90' lang='lat' dir='ltr'><strong>sibi</strong></span> <span class='ocrx_word' id='word_1_265' title='bbox 1217 2123 1404 2179; x_wconf 86' lang='lat' dir='ltr'><strong>talenti</strong></span> <span class='ocrx_word' id='word_1_266' title='bbox 1444 2124 1871 2190; x_wconf 89' lang='lat' dir='ltr'><strong>communicare,</strong></span> <span class='ocrx_word' id='word_1_267' title='bbox 1903 2123 2132 2179; x_wconf 90' lang='lat' dir='ltr'><strong>Domino</strong></span> <span class='ocrx_word' id='word_1_268' title='bbox 2160 2139 2247 2180; x_wconf 88' lang='lat' dir='ltr'><strong>re-</strong></span> 
     </span>
    </p>
   </div>
   <div class='ocr_carea' id='block_1_38' title="bbox 647 2213 2244 2287">
    <p class='ocr_par' dir='ltr' id='par_1_38' title="bbox 647 2213 2244 2287">
     <span class='ocr_line' id='line_1_38' title="bbox 647 2213 2244 2287; baseline 0.001 -17"><span class='ocrx_word' id='word_1_269' title='bbox 647 2213 794 2271; x_wconf 88' lang='lat' dir='ltr'><strong>ditus</strong></span> <span class='ocrx_word' id='word_1_270' title='bbox 824 2215 944 2285; x_wconf 92' lang='lat' dir='ltr'><strong>ejus</strong></span> <span class='ocrx_word' id='word_1_271' title='bbox 980 2230 1009 2268; x_wconf 88' lang='lat' dir='ltr'><strong>a</strong></span> <span class='ocrx_word' id='word_1_272' title='bbox 1041 2214 1270 2285; x_wconf 84' lang='lat' dir='ltr'><strong>singulis</strong></span> <span class='ocrx_word' id='word_1_273' title='bbox 1304 2215 1671 2285; x_wconf 89' lang='lat' dir='ltr'><strong>postulaturo.</strong></span> <span class='ocrx_word' id='word_1_274' title='bbox 1704 2214 1786 2271; x_wconf 80' lang='grc' dir='ltr'><strong>οι)</strong></span> <span class='ocrx_word' id='word_1_275' title='bbox 1822 2232 1982 2286; x_wconf 88' lang='lat' dir='ltr'><strong>quam</strong></span> <span class='ocrx_word' id='word_1_276' title='bbox 2028 2217 2244 2287; x_wconf 90' lang='lat' dir='ltr'><strong>culpam</strong></span> 
     </span>
    </p>
   </div>
   <div class='ocr_carea' id='block_1_39' title="bbox 649 2306 2243 2378">
    <p class='ocr_par' dir='ltr' id='par_1_39' title="bbox 649 2306 2243 2378">
     <span class='ocr_line' id='line_1_39' title="bbox 649 2306 2243 2378; baseline 0.002 -17"><span class='ocrx_word' id='word_1_277' title='bbox 649 2307 912 2362; x_wconf 90' lang='lat' dir='ltr'><strong>talentum</strong></span> <span class='ocrx_word' id='word_1_278' title='bbox 945 2307 1014 2362; x_wconf 89' lang='lat' dir='ltr'><strong>ab</strong></span> <span class='ocrx_word' id='word_1_279' title='bbox 1043 2321 1112 2362; x_wconf 90' lang='lat' dir='ltr'><strong>eo</strong></span> <span class='ocrx_word' id='word_1_280' title='bbox 1135 2321 1242 2362; x_wconf 92' lang='lat' dir='ltr'><strong>non</strong></span> <span class='ocrx_word' id='word_1_281' title='bbox 1271 2316 1376 2361; x_wconf 91' lang='lat' dir='ltr'><strong>tam</strong></span> <span class='ocrx_word' id='word_1_282' title='bbox 1408 2306 1723 2377; x_wconf 88' lang='lat' dir='ltr'><strong>Evangelii,</strong></span> <span class='ocrx_word' id='word_1_283' title='bbox 1757 2308 1900 2378; x_wconf 91' lang='lat' dir='ltr'><strong>quod</strong></span> <span class='ocrx_word' id='word_1_284' title='bbox 1927 2308 2243 2376; x_wconf 81' lang='lat' dir='ltr'><strong>suﬁ‘oderat,</strong></span> 
     </span>
    </p>
   </div>
   <div class='ocr_carea' id='block_1_40' title="bbox 646 2400 2246 2473">
    <p class='ocr_par' dir='ltr' id='par_1_40' title="bbox 646 2400 2246 2473">
     <span class='ocr_line' id='line_1_40' title="bbox 646 2400 2246 2473; baseline 0.001 -17"><span class='ocrx_word' id='word_1_285' title='bbox 646 2417 807 2472; x_wconf 88' lang='lat' dir='ltr'><strong>quam</strong></span> <span class='ocrx_word' id='word_1_286' title='bbox 842 2401 973 2473; x_wconf 86' lang='lat' dir='ltr'><strong>legis</strong></span> <span class='ocrx_word' id='word_1_287' title='bbox 1005 2400 1273 2466; x_wconf 80' lang='lat' dir='ltr'><strong>aufertur,</strong></span> <span class='ocrx_word' id='word_1_288' title='bbox 1308 2403 1467 2472; x_wconf 89' lang='lat' dir='ltr'><strong>eique</strong></span> <span class='ocrx_word' id='word_1_289' title='bbox 1495 2402 1586 2472; x_wconf 90' lang='lat' dir='ltr'><strong>qui</strong></span> <span class='ocrx_word' id='word_1_290' title='bbox 1615 2401 1854 2472; x_wconf 87' lang='lat' dir='ltr'><strong>quinque</strong></span> <span class='ocrx_word' id='word_1_291' title='bbox 1881 2402 2246 2473; x_wconf 88' lang='lat' dir='ltr'><strong>duplicaverit</strong></span> 
     </span>
    </p>
   </div>
   <div class='ocr_carea' id='block_1_41' title="bbox 645 2491 2243 2566">
    <p class='ocr_par' dir='ltr' id='par_1_41' title="bbox 645 2491 2243 2566">
     <span class='ocr_line' id='line_1_41' title="bbox 645 2491 2243 2566; baseline 0.003 -18"><span class='ocrx_word' id='word_1_292' title='bbox 645 2492 828 2558; x_wconf 87' lang='lat' dir='ltr'><strong>datur,</strong></span> <span class='ocrx_word' id='word_1_293' title='bbox 856 2491 1090 2548; x_wconf 91' lang='lat' dir='ltr'><strong>Domino</strong></span> <span class='ocrx_word' id='word_1_294' title='bbox 1130 2493 1348 2550; x_wconf 87' lang='lat' dir='ltr'><strong>dicente</strong></span> <span class='ocrx_word' id='word_1_295' title='bbox 1380 2511 1394 2548; x_wconf 92' lang='lat'><strong>:</strong></span> <span class='ocrx_word' id='word_1_296' title='bbox 1428 2494 1582 2548; x_wconf 88' lang='lat' dir='ltr'><strong>Omni</strong></span> <span class='ocrx_word' id='word_1_297' title='bbox 1612 2495 1745 2548; x_wconf 87' lang='lat' dir='ltr'><strong>enim</strong></span> <span class='ocrx_word' id='word_1_298' title='bbox 1779 2496 1983 2550; x_wconf 86' lang='lat' dir='ltr'><strong>habenti</strong></span> <span class='ocrx_word' id='word_1_299' title='bbox 2011 2497 2243 2566; x_wconf 85' lang='lat' dir='ltr'><strong>dabitur,</strong></span> 
     </span>
    </p>
   </div>
   <div class='ocr_carea' id='block_1_42' title="bbox 648 2584 2247 2657">
    <p class='ocr_par' dir='ltr' id='par_1_42' title="bbox 648 2584 2247 2657">
     <span class='ocr_line' id='line_1_42' title="bbox 648 2584 2247 2657; baseline 0.002 -17"><span class='ocrx_word' id='word_1_300' title='bbox 648 2595 696 2640; x_wconf 90' lang='lat' dir='ltr'><strong>et</strong></span> <span class='ocrx_word' id='word_1_301' title='bbox 725 2584 1006 2640; x_wconf 86' lang='lat' dir='ltr'><strong>abundabit</strong></span> <span class='ocrx_word' id='word_1_302' title='bbox 1040 2603 1058 2639; x_wconf 87' lang='lat'><em>:</em></span> <span class='ocrx_word' id='word_1_303' title='bbox 1085 2586 1173 2657; x_wconf 88' lang='lat' dir='ltr'><strong>qui</strong></span> <span class='ocrx_word' id='word_1_304' title='bbox 1200 2595 1369 2640; x_wconf 89' lang='lat' dir='ltr'><strong>autem</strong></span> <span class='ocrx_word' id='word_1_305' title='bbox 1400 2602 1501 2640; x_wconf 87' lang='lat' dir='ltr'><strong>non</strong></span> <span class='ocrx_word' id='word_1_306' title='bbox 1531 2586 1716 2652; x_wconf 91' lang='lat' dir='ltr'><strong>habet,</strong></span> <span class='ocrx_word' id='word_1_307' title='bbox 1749 2587 1901 2641; x_wconf 90' lang='lat' dir='ltr'><strong>etiam</strong></span> <span class='ocrx_word' id='word_1_308' title='bbox 1931 2589 2070 2655; x_wconf 83' lang='lat' dir='ltr'><strong>quod</strong></span> <span class='ocrx_word' id='word_1_309' title='bbox 2098 2589 2247 2643; x_wconf 85' lang='lat' dir='ltr'><strong>habet</strong></span> 
     </span>
    </p>
   </div>
   <div class='ocr_carea' id='block_1_43' title="bbox 644 2676 2241 2750">
    <p class='ocr_par' dir='ltr' id='par_1_43' title="bbox 644 2676 2241 2750">
     <span class='ocr_line' id='line_1_43' title="bbox 644 2676 2241 2750; baseline 0.004 -20"><span class='ocrx_word' id='word_1_310' title='bbox 644 2681 906 2750; x_wconf 84' lang='lat' dir='ltr'><strong>auferetur</strong></span> <span class='ocrx_word' id='word_1_311' title='bbox 927 2678 988 2731; x_wconf 90' lang='lat' dir='ltr'><strong>ab</strong></span> <span class='ocrx_word' id='word_1_312' title='bbox 1017 2694 1076 2732; x_wconf 89' lang='lat' dir='ltr'><strong>eo</strong></span> <span class='ocrx_word' id='word_1_313' title='bbox 1106 2678 1177 2748; x_wconf 65' lang='lat' dir='ltr'><strong>(j</strong></span> <span class='ocrx_word' id='word_1_314' title='bbox 1200 2676 1316 2748; x_wconf 73' lang='grc'><strong>29).</strong></span> <span class='ocrx_word' id='word_1_315' title='bbox 1353 2677 1537 2734; x_wconf 87' lang='lat' dir='ltr'><strong>Potest</strong></span> <span class='ocrx_word' id='word_1_316' title='bbox 1565 2679 1788 2750; x_wconf 90' lang='lat' dir='ltr'><strong>quidem</strong></span> <span class='ocrx_word' id='word_1_317' title='bbox 1820 2679 2028 2734; x_wconf 84' lang='lat' dir='ltr'><strong>habens</strong></span> <span class='ocrx_word' id='word_1_318' title='bbox 2065 2680 2241 2736; x_wconf 91' lang='lat' dir='ltr'><strong>abun-</strong></span> 
     </span>
    </p>
   </div>
   <div class='ocr_carea' id='block_1_44' title="bbox 643 2768 2242 2840">
    <p class='ocr_par' dir='ltr' id='par_1_44' title="bbox 643 2768 2242 2840">
     <span class='ocr_line' id='line_1_44' title="bbox 643 2768 2242 2840; baseline 0.001 -16"><span class='ocrx_word' id='word_1_319' title='bbox 643 2768 812 2836; x_wconf 87' lang='lat' dir='ltr'><strong>dare;</strong></span> <span class='ocrx_word' id='word_1_320' title='bbox 855 2769 980 2840; x_wconf 83' lang='lat' dir='ltr'><strong>quia</strong></span> <span class='ocrx_word' id='word_1_321' title='bbox 1013 2769 1166 2824; x_wconf 82' lang='lat' dir='ltr'><strong>facile</strong></span> <span class='ocrx_word' id='word_1_322' title='bbox 1197 2778 1301 2837; x_wconf 90' lang='lat' dir='ltr'><strong>est,</strong></span> <span class='ocrx_word' id='word_1_323' title='bbox 1339 2785 1436 2838; x_wconf 90' lang='lat' dir='ltr'><strong>per</strong></span> <span class='ocrx_word' id='word_1_324' title='bbox 1465 2771 1862 2825; x_wconf 90' lang='lat' dir='ltr'><strong>incrementum</strong></span> <span class='ocrx_word' id='word_1_325' title='bbox 1892 2771 1978 2827; x_wconf 91' lang='lat' dir='ltr'><strong>vel</strong></span> <span class='ocrx_word' id='word_1_326' title='bbox 2022 2772 2242 2827; x_wconf 85' lang='lat' dir='ltr'><strong>muniﬁ-</strong></span> 
     </span>
    </p>
   </div>
   <div class='ocr_carea' id='block_1_45' title="bbox 645 2867 2244 2939">
    <p class='ocr_par' dir='ltr' id='par_1_45' title="bbox 645 2867 2244 2939">
     <span class='ocr_line' id='line_1_45' title="bbox 645 2867 2244 2939; baseline 0.004 -17"><span class='ocrx_word' id='word_1_327' title='bbox 645 2867 838 2922; x_wconf 77' lang='lat' dir='ltr'><strong>centiae</strong></span> <span class='ocrx_word' id='word_1_328' title='bbox 868 2867 948 2922; x_wconf 91' lang='lat' dir='ltr'><strong>vel</strong></span> <span class='ocrx_word' id='word_1_329' title='bbox 991 2867 1224 2935; x_wconf 90' lang='lat' dir='ltr'><strong>laboris,</strong></span> <span class='ocrx_word' id='word_1_330' title='bbox 1257 2868 1576 2937; x_wconf 90' lang='lat' dir='ltr'><strong>opulentum</strong></span> <span class='ocrx_word' id='word_1_331' title='bbox 1618 2884 1780 2939; x_wconf 91' lang='lat' dir='ltr'><strong>posse</strong></span> <span class='ocrx_word' id='word_1_332' title='bbox 1808 2869 2079 2927; x_wconf 89' lang='lat' dir='ltr'><strong>ditescere</strong></span> <span class='ocrx_word' id='word_1_333' title='bbox 2105 2887 2120 2925; x_wconf 90' lang='lat'><strong>:</strong></span> <span class='ocrx_word' id='word_1_334' title='bbox 2146 2872 2244 2928; x_wconf 91' lang='lat' dir='ltr'><strong>sed</strong></span> 
     </span>
    </p>
   </div>
   <div class='ocr_carea' id='block_1_46' title="bbox 646 2961 2246 3032">
    <p class='ocr_par' dir='ltr' id='par_1_46' title="bbox 646 2961 2246 3032">
     <span class='ocr_line' id='line_1_46' title="bbox 646 2961 2246 3032; baseline 0.003 -16"><span class='ocrx_word' id='word_1_335' title='bbox 646 2975 754 3032; x_wconf 91' lang='lat' dir='ltr'><strong>quo</strong></span> <span class='ocrx_word' id='word_1_336' title='bbox 793 2961 955 3017; x_wconf 93' lang='lat' dir='ltr'><strong>modo</strong></span> <span class='ocrx_word' id='word_1_337' title='bbox 999 2977 1104 3017; x_wconf 92' lang='lat' dir='ltr'><strong>non</strong></span> <span class='ocrx_word' id='word_1_338' title='bbox 1157 2961 1364 3017; x_wconf 85' lang='lat' dir='ltr'><strong>habens</strong></span> <span class='ocrx_word' id='word_1_339' title='bbox 1406 2962 1627 3018; x_wconf 89' lang='lat' dir='ltr'><strong>habebit</strong></span> <span class='ocrx_word' id='word_1_340' title='bbox 1674 2963 1742 3017; x_wconf 90' lang='lat' dir='ltr'><strong>ad</strong></span> <span class='ocrx_word' id='word_1_341' title='bbox 1790 2963 2090 3019; x_wconf 82' lang='lat' dir='ltr'><strong>damnum?</strong></span> <span class='ocrx_word' id='word_1_342' title='bbox 2131 2964 2246 3021; x_wconf 91' lang='lat' dir='ltr'><strong>Hoc</strong></span> 
     </span>
    </p>
   </div>
   <div class='ocr_carea' id='block_1_47' title="bbox 646 3053 2240 3126">
    <p class='ocr_par' dir='ltr' id='par_1_47' title="bbox 646 3053 2240 3126">
     <span class='ocr_line' id='line_1_47' title="bbox 646 3053 2240 3126; baseline 0.003 -18"><span class='ocrx_word' id='word_1_343' title='bbox 646 3053 799 3119; x_wconf 91' lang='lat' dir='ltr'><strong>ideo,</strong></span> <span class='ocrx_word' id='word_1_344' title='bbox 850 3055 972 3123; x_wconf 81' lang='lat' dir='ltr'><strong>quia</strong></span> <span class='ocrx_word' id='word_1_345' title='bbox 1027 3054 1349 3110; x_wconf 81' lang='lat' dir='ltr'><strong>habentibus</strong></span> <span class='ocrx_word' id='word_1_346' title='bbox 1393 3071 1550 3111; x_wconf 91' lang='lat' dir='ltr'><strong>usum</strong></span> <span class='ocrx_word' id='word_1_347' title='bbox 1597 3056 2030 3126; x_wconf 86' lang='lat' dir='ltr'><strong>evangeliorum,</strong></span> <span class='ocrx_word' id='word_1_348' title='bbox 2079 3057 2240 3112; x_wconf 87' lang='lat' dir='ltr'><strong>etiam</strong></span> 
     </span>
    </p>
   </div>
   <div class='ocr_carea' id='block_1_48' title="bbox 647 3147 1377 3219">
    <p class='ocr_par' dir='ltr' id='par_1_48' title="bbox 647 3147 1377 3219">
     <span class='ocr_line' id='line_1_48' title="bbox 647 3147 1377 3219; baseline 0.001 -17"><span class='ocrx_word' id='word_1_349' title='bbox 647 3147 782 3219; x_wconf 90' lang='lat' dir='ltr'><strong>legis</strong></span> <span class='ocrx_word' id='word_1_350' title='bbox 838 3147 1014 3203; x_wconf 92' lang='lat' dir='ltr'><strong>honor</strong></span> <span class='ocrx_word' id='word_1_351' title='bbox 1064 3148 1310 3204; x_wconf 90' lang='lat' dir='ltr'><strong>redditur</strong></span> <span class='ocrx_word' id='word_1_352' title='bbox 1362 3165 1377 3203; x_wconf 89' lang='lat'><strong><em>:</em></strong></span> 
     </span>
    </p>
   </div>
   <div class='ocr_carea' id='block_1_49' title="bbox 644 3241 2247 3314">
    <p class='ocr_par' dir='ltr' id='par_1_49' title="bbox 644 3241 2247 3314">
     <span class='ocr_line' id='line_1_49' title="bbox 644 3241 2247 3314; baseline -0.001 -16"><span class='ocrx_word' id='word_1_353' title='bbox 644 3242 868 3308; x_wconf 88' lang='lat' dir='ltr'><strong>Christi,</strong></span> <span class='ocrx_word' id='word_1_354' title='bbox 910 3243 1076 3299; x_wconf 89' lang='lat' dir='ltr'><strong>etiam</strong></span> <span class='ocrx_word' id='word_1_355' title='bbox 1120 3243 1263 3314; x_wconf 89' lang='lat' dir='ltr'><strong>quod</strong></span> <span class='ocrx_word' id='word_1_356' title='bbox 1309 3258 1376 3298; x_wconf 85' lang='lat' dir='ltr'><strong>ex</strong></span> <span class='ocrx_word' id='word_1_357' title='bbox 1423 3242 1546 3313; x_wconf 82' lang='lat' dir='ltr'><strong>lege</strong></span> <span class='ocrx_word' id='word_1_358' title='bbox 1581 3241 1787 3299; x_wconf 89' lang='lat' dir='ltr'><strong>habere</strong></span> <span class='ocrx_word' id='word_1_359' title='bbox 1825 3242 1928 3298; x_wconf 89' lang='lat' dir='ltr'><strong>sibi</strong></span> <span class='ocrx_word' id='word_1_360' title='bbox 1961 3241 2247 3298; x_wconf 88' lang='lat' dir='ltr'><strong>videbatur</strong></span> 
     </span>
    </p>
   </div>
   <div class='ocr_carea' id='block_1_50' title="bbox 647 3332 1184 3400">
    <p class='ocr_par' dir='ltr' id='par_1_50' title="bbox 647 3332 1184 3400">
     <span class='ocr_line' id='line_1_50' title="bbox 647 3332 1184 3400; baseline 0 -13"><span class='ocrx_word' id='word_1_361' title='bbox 647 3333 894 3400; x_wconf 90' lang='lat' dir='ltr'><strong>honoris,</strong></span> <span class='ocrx_word' id='word_1_362' title='bbox 921 3332 1184 3389; x_wconf 83' lang='lat' dir='ltr'><strong>aufertur.</strong></span> 
     </span>
    </p>
   </div>
   <div class='ocr_carea' id='block_1_51' title="bbox 1176 3468 1699 3542">
    <p class='ocr_par' dir='ltr' id='par_1_51' title="bbox 1176 3468 1699 3542">
     <span class='ocr_line' id='line_1_51' title="bbox 1176 3468 1699 3542; baseline 0 -18"><span class='ocrx_word' id='word_1_363' title='bbox 1176 3468 1419 3542; x_wconf 54' lang='lat' dir='ltr'><strong>.CAPUT</strong></span> <span class='ocrx_word' id='word_1_364' title='bbox 1457 3470 1699 3526; x_wconf 81' lang='lat' dir='ltr'><strong>xxvut.</strong></span> 
     </span>
    </p>
   </div>
   <div class='ocr_carea' id='block_1_52' title="bbox 701 3587 2176 3659">
    <p class='ocr_par' dir='ltr' id='par_1_52' title="bbox 701 3587 2176 3659">
     <span class='ocr_line' id='line_1_52' title="bbox 701 3587 2176 3659; baseline -0.001 -14"><span class='ocrx_word' id='word_1_365' title='bbox 701 3592 780 3645; x_wconf 85' lang='lat' dir='ltr'><strong>De</strong></span> <span class='ocrx_word' id='word_1_366' title='bbox 799 3590 1018 3644; x_wconf 85' lang='lat' dir='ltr'><strong>adventu</strong></span> <span class='ocrx_word' id='word_1_367' title='bbox 1046 3587 1142 3658; x_wconf 81' lang='lat' dir='ltr'><strong>ﬁlii</strong></span> <span class='ocrx_word' id='word_1_368' title='bbox 1173 3587 1396 3642; x_wconf 88' lang='lat' dir='ltr'><strong>hominis</strong></span> <span class='ocrx_word' id='word_1_369' title='bbox 1424 3589 1667 3643; x_wconf 81' lang='lat' dir='ltr'><strong>venientis</strong></span> <span class='ocrx_word' id='word_1_370' title='bbox 1690 3589 1743 3642; x_wconf 90' lang='lat' dir='ltr'><strong>in</strong></span> <span class='ocrx_word' id='word_1_371' title='bbox 1775 3589 2039 3659; x_wconf 86' lang='lat' dir='ltr'><strong>majestate</strong></span> <span class='ocrx_word' id='word_1_372' title='bbox 2063 3606 2176 3644; x_wconf 87' lang='lat' dir='ltr'><strong>sua.</strong></span> 
     </span>
    </p>
   </div>
   <div class='ocr_carea' id='block_1_53' title="bbox 718 3700 2241 3774">
    <p class='ocr_par' dir='ltr' id='par_1_53' title="bbox 718 3700 2241 3774">
     <span class='ocr_line' id='line_1_53' title="bbox 718 3700 2241 3774; baseline -0.001 -16"><span class='ocrx_word' id='word_1_373' title='bbox 718 3703 770 3758; x_wconf 76' lang='grc'><strong>1.</strong></span> <span class='ocrx_word' id='word_1_374' title='bbox 805 3703 1065 3758; x_wconf 86' lang='lat' dir='ltr'><strong>Malorum</strong></span> <span class='ocrx_word' id='word_1_375' title='bbox 1093 3712 1141 3756; x_wconf 89' lang='lat' dir='ltr'><strong>et</strong></span> <span class='ocrx_word' id='word_1_376' title='bbox 1170 3700 1418 3756; x_wconf 88' lang='lat' dir='ltr'><strong>bonorum</strong></span> <span class='ocrx_word' id='word_1_377' title='bbox 1446 3700 1686 3754; x_wconf 84' lang='lat' dir='ltr'><strong>discretio</strong></span> <span class='ocrx_word' id='word_1_378' title='bbox 1715 3700 1769 3754; x_wconf 91' lang='lat' dir='ltr'><strong>in</strong></span> <span class='ocrx_word' id='word_1_379' title='bbox 1787 3701 2088 3774; x_wconf 86' lang='lat' dir='ltr'><strong>judicio.—</strong></span> <span class='ocrx_word' id='word_1_380' title='bbox 2115 3700 2241 3757; x_wconf 85' lang='lat' dir='ltr'><strong>Cum</strong></span> 
     </span>
    </p>
   </div>
   <div class='ocr_carea' id='block_1_54' title="bbox 643 3793 2243 3865">
    <p class='ocr_par' dir='ltr' id='par_1_54' title="bbox 643 3793 2243 3865">
     <span class='ocr_line' id='line_1_54' title="bbox 643 3793 2243 3865; baseline 0 -15"><span class='ocrx_word' id='word_1_381' title='bbox 643 3805 813 3850; x_wconf 89' lang='lat' dir='ltr'><strong>autem</strong></span> <span class='ocrx_word' id='word_1_382' title='bbox 843 3795 1030 3850; x_wconf 82' lang='lat' dir='ltr'><strong>venerit</strong></span> <span class='ocrx_word' id='word_1_383' title='bbox 1060 3794 1203 3862; x_wconf 74' lang='lat' dir='ltr'><strong>ﬁlius</strong></span> <span class='ocrx_word' id='word_1_384' title='bbox 1229 3793 1452 3848; x_wconf 89' lang='lat' dir='ltr'><strong>hominis</strong></span> <span class='ocrx_word' id='word_1_385' title='bbox 1477 3794 1532 3845; x_wconf 90' lang='lat' dir='ltr'><strong>in</strong></span> <span class='ocrx_word' id='word_1_386' title='bbox 1562 3793 1832 3865; x_wconf 85' lang='lat' dir='ltr'><strong>majestate</strong></span> <span class='ocrx_word' id='word_1_387' title='bbox 1853 3809 1968 3861; x_wconf 90' lang='lat' dir='ltr'><strong>sua,</strong></span> <span class='ocrx_word' id='word_1_388' title='bbox 1995 3804 2042 3849; x_wconf 92' lang='lat' dir='ltr'><strong>et</strong></span> <span class='ocrx_word' id='word_1_389' title='bbox 2069 3811 2243 3850; x_wconf 88' lang='lat' dir='ltr'><strong>omnes</strong></span> 
     </span>
    </p>
   </div>
   <div class='ocr_carea' id='block_1_55' title="bbox 639 3882 2240 3961">
    <p class='ocr_par' dir='ltr' id='par_1_55' title="bbox 639 3882 2240 3961">
     <span class='ocr_line' id='line_1_55' title="bbox 639 3882 2240 3961; baseline -0.001 -17"><span class='ocrx_word' id='word_1_390' title='bbox 639 3889 948 3961; x_wconf 88' lang='lat' dir='ltr'><strong>angelicum</strong></span> <span class='ocrx_word' id='word_1_391' title='bbox 977 3903 1069 3953; x_wconf 90' lang='lat' dir='ltr'><strong>eo,</strong></span> <span class='ocrx_word' id='word_1_392' title='bbox 1100 3896 1157 3942; x_wconf 89' lang='lat' dir='ltr'><strong>et</strong></span> <span class='ocrx_word' id='word_1_393' title='bbox 1193 3887 1401 3956; x_wconf 89' lang='lat' dir='ltr'><strong>reliqua</strong></span> <span class='ocrx_word' id='word_1_394' title='bbox 1435 3882 1651 3958; x_wconf 82' lang='lat' dir='ltr'><strong>(Matth.</strong></span> <span class='ocrx_word' id='word_1_395' title='bbox 1689 3899 1824 3951; x_wconf 84' lang='lat' dir='ltr'><strong>xxv,</strong></span> <span class='ocrx_word' id='word_1_396' title='bbox 1856 3886 1970 3956; x_wconf 78' lang='lat' dir='ltr'><strong>5i).</strong></span> <span class='ocrx_word' id='word_1_397' title='bbox 2005 3885 2240 3943; x_wconf 90' lang='lat' dir='ltr'><strong>Omnem</strong></span> 
     </span>
    </p>
   </div>
   <div class='ocr_carea' id='block_1_56' title="bbox 642 3980 2242 4054">
    <p class='ocr_par' dir='ltr' id='par_1_56' title="bbox 642 3980 2242 4054">
     <span class='ocr_line' id='line_1_56' title="bbox 642 3980 2242 4054; baseline -0.001 -16"><span class='ocrx_word' id='word_1_398' title='bbox 642 3983 760 4054; x_wconf 90' lang='lat' dir='ltr'><strong>ipse</strong></span> <span class='ocrx_word' id='word_1_399' title='bbox 808 3981 1077 4039; x_wconf 91' lang='lat' dir='ltr'><strong>sermonis</strong></span> <span class='ocrx_word' id='word_1_400' title='bbox 1117 3981 1276 4051; x_wconf 88' lang='lat' dir='ltr'><strong>hujus</strong></span> <span class='ocrx_word' id='word_1_401' title='bbox 1323 3981 1589 4036; x_wconf 89' lang='lat' dir='ltr'><strong>rationem</strong></span> <span class='ocrx_word' id='word_1_402' title='bbox 1635 3980 1893 4035; x_wconf 87' lang='lat' dir='ltr'><strong>absolvit.</strong></span> <span class='ocrx_word' id='word_1_403' title='bbox 1937 3981 2014 4036; x_wconf 90' lang='lat' dir='ltr'><strong>De</strong></span> <span class='ocrx_word' id='word_1_404' title='bbox 2051 3980 2242 4052; x_wconf 86' lang='lat' dir='ltr'><strong>judicii</strong></span> 
     </span>
    </p>
   </div>
   <div class='ocr_carea' id='block_1_57' title="bbox 641 4073 2244 4144">
    <p class='ocr_par' dir='ltr' id='par_1_57' title="bbox 641 4073 2244 4144">
     <span class='ocr_line' id='line_1_57' title="bbox 641 4073 2244 4144; baseline -0.001 -13"><span class='ocrx_word' id='word_1_405' title='bbox 641 4076 786 4132; x_wconf 91' lang='lat' dir='ltr'><strong>enim</strong></span> <span class='ocrx_word' id='word_1_406' title='bbox 819 4086 1064 4143; x_wconf 89' lang='lat' dir='ltr'><strong>tempore</strong></span> <span class='ocrx_word' id='word_1_407' title='bbox 1094 4074 1437 4144; x_wconf 84' lang='lat' dir='ltr'><strong>adventuque</strong></span> <span class='ocrx_word' id='word_1_408' title='bbox 1464 4080 1879 4138; x_wconf 86' lang='lat' dir='ltr'><strong>commemorat,</strong></span> <span class='ocrx_word' id='word_1_409' title='bbox 1912 4087 2018 4143; x_wconf 89' lang='lat' dir='ltr'><strong>quo</strong></span> <span class='ocrx_word' id='word_1_410' title='bbox 2055 4073 2244 4129; x_wconf 90' lang='lat' dir='ltr'><strong>ﬁdeles</strong></span> 
     </span>
    </p>
   </div>
   <div class='ocr_carea' id='block_1_58' title="bbox 640 4163 2244 4237">
    <p class='ocr_par' dir='ltr' id='par_1_58' title="bbox 640 4163 2244 4237">
     <span class='ocr_line' id='line_1_58' title="bbox 640 4163 2244 4237; baseline -0.002 -13"><span class='ocrx_word' id='word_1_411' title='bbox 640 4169 709 4225; x_wconf 90' lang='lat' dir='ltr'><strong>ab</strong></span> <span class='ocrx_word' id='word_1_412' title='bbox 737 4167 1046 4224; x_wconf 89' lang='lat' dir='ltr'><strong>inﬁdelibus</strong></span> <span class='ocrx_word' id='word_1_413' title='bbox 1078 4165 1376 4237; x_wconf 85' lang='lat' dir='ltr'><strong>separabit,</strong></span> <span class='ocrx_word' id='word_1_414' title='bbox 1407 4176 1570 4236; x_wconf 88' lang='lat' dir='ltr'><strong>atque</strong></span> <span class='ocrx_word' id='word_1_415' title='bbox 1608 4164 1678 4219; x_wconf 89' lang='lat' dir='ltr'><strong>ab</strong></span> <span class='ocrx_word' id='word_1_416' title='bbox 1719 4163 2070 4219; x_wconf 87' lang='lat' dir='ltr'><strong>infructuosis</strong></span> <span class='ocrx_word' id='word_1_417' title='bbox 2100 4165 2244 4220; x_wconf 86' lang='lat' dir='ltr'><strong>fruc-</strong></span> 
     </span>
    </p>
   </div>
   <div class='ocr_carea' id='block_1_59' title="bbox 643 4256 2242 4328">
    <p class='ocr_par' dir='ltr' id='par_1_59' title="bbox 643 4256 2242 4328">
     <span class='ocr_line' id='line_1_59' title="bbox 643 4256 2242 4328; baseline -0.005 -9"><span class='ocrx_word' id='word_1_418' title='bbox 643 4274 794 4320; x_wconf 90' lang='lat' dir='ltr'><strong>tuosa</strong></span> <span class='ocrx_word' id='word_1_419' title='bbox 821 4261 1118 4324; x_wconf 92' lang='lat' dir='ltr'><strong>discernet,</strong></span> <span class='ocrx_word' id='word_1_420' title='bbox 1149 4257 1336 4314; x_wconf 75' lang='lat' dir='ltr'><strong>htedos</strong></span> <span class='ocrx_word' id='word_1_421' title='bbox 1360 4259 1616 4314; x_wconf 88' lang='lat' dir='ltr'><strong>videlicet</strong></span> <span class='ocrx_word' id='word_1_422' title='bbox 1641 4257 1711 4312; x_wconf 87' lang='lat' dir='ltr'><strong>ab</strong></span> <span class='ocrx_word' id='word_1_423' title='bbox 1736 4257 1917 4328; x_wconf 86' lang='lat' dir='ltr'><strong>agnis,</strong></span> <span class='ocrx_word' id='word_1_424' title='bbox 1945 4265 2000 4312; x_wconf 90' lang='lat' dir='ltr'><strong>et</strong></span> <span class='ocrx_word' id='word_1_425' title='bbox 2032 4256 2082 4310; x_wconf 91' lang='lat' dir='ltr'><strong>in</strong></span> <span class='ocrx_word' id='word_1_426' title='bbox 2113 4256 2242 4314; x_wconf 86' lang='lat' dir='ltr'><strong>dex-</strong></span> 
     </span>
    </p>
   </div>
   <div class='ocr_carea' id='block_1_60' title="bbox 641 4347 2244 4420">
    <p class='ocr_par' dir='ltr' id='par_1_60' title="bbox 641 4347 2244 4420">
     <span class='ocr_line' id='line_1_60' title="bbox 641 4347 2244 4420; baseline -0.005 -8"><span class='ocrx_word' id='word_1_427' title='bbox 641 4368 754 4413; x_wconf 91' lang='lat' dir='ltr'><strong>tera</strong></span> <span class='ocrx_word' id='word_1_428' title='bbox 797 4370 860 4410; x_wconf 90' lang='lat' dir='ltr'><strong>ac</strong></span> <span class='ocrx_word' id='word_1_429' title='bbox 889 4353 1108 4408; x_wconf 88' lang='lat' dir='ltr'><strong>sinistra</strong></span> <span class='ocrx_word' id='word_1_430' title='bbox 1147 4353 1422 4408; x_wconf 77' lang='lat' dir='ltr'><strong>collocatis</strong></span> <span class='ocrx_word' id='word_1_431' title='bbox 1451 4365 1892 4420; x_wconf 88' lang='lat' dir='ltr'><strong>unumquemque</strong></span> <span class='ocrx_word' id='word_1_432' title='bbox 1911 4391 1925 4415; x_wconf 94' lang='lat'><strong>,</strong></span> <span class='ocrx_word' id='word_1_433' title='bbox 1957 4347 2119 4420; x_wconf 88' lang='lat' dir='ltr'><strong>digna</strong></span> <span class='ocrx_word' id='word_1_434' title='bbox 2148 4357 2244 4406; x_wconf 91' lang='lat' dir='ltr'><strong>aut</strong></span> 
     </span>
    </p>
   </div>
   <div class='ocr_carea' id='block_1_61' title="bbox 642 4441 2242 4510">
    <p class='ocr_par' dir='ltr' id='par_1_61' title="bbox 642 4441 2242 4510">
     <span class='ocr_line' id='line_1_61' title="bbox 642 4441 2242 4510; baseline -0.006 -4"><span class='ocrx_word' id='word_1_435' title='bbox 642 4449 902 4506; x_wconf 89' lang='lat' dir='ltr'><strong>bonitatis</strong></span> <span class='ocrx_word' id='word_1_436' title='bbox 941 4455 1032 4503; x_wconf 90' lang='lat' dir='ltr'><strong>aut</strong></span> <span class='ocrx_word' id='word_1_437' title='bbox 1068 4445 1290 4500; x_wconf 70' lang='lat' dir='ltr'><strong>malitia:</strong></span> <span class='ocrx_word' id='word_1_438' title='bbox 1318 4460 1431 4500; x_wconf 73' lang='lat' dir='ltr'><strong>sua:</strong></span> <span class='ocrx_word' id='word_1_439' title='bbox 1468 4442 1598 4498; x_wconf 88' lang='lat' dir='ltr'><strong>sede</strong></span> <span class='ocrx_word' id='word_1_440' title='bbox 1625 4442 1921 4497; x_wconf 88' lang='lat' dir='ltr'><strong>constituet</strong></span> <span class='ocrx_word' id='word_1_441' title='bbox 1949 4455 1963 4494; x_wconf 93' lang='lat'><strong>:</strong></span> <span class='ocrx_word' id='word_1_442' title='bbox 1995 4441 2075 4510; x_wconf 89' lang='lat' dir='ltr'><strong>(a)</strong></span> <span class='ocrx_word' id='word_1_443' title='bbox 2100 4441 2242 4497; x_wconf 91' lang='lat' dir='ltr'><strong>indi-</strong></span> 
     </span>
    </p>
   </div>
   <div class='ocr_carea' id='block_1_62' title="bbox 2350 1848 3959 1922">
    <p class='ocr_par' dir='ltr' id='par_1_62' title="bbox 2350 1848 3959 1922">
     <span class='ocr_line' id='line_1_62' title="bbox 2350 1848 3959 1922; baseline 0.002 -19"><span class='ocrx_word' id='word_1_444' title='bbox 2350 1859 2486 1904; x_wconf 90' lang='lat' dir='ltr'><strong>trum</strong></span> <span class='ocrx_word' id='word_1_445' title='bbox 2519 1850 2765 1917; x_wconf 86' lang='lat' dir='ltr'><strong>unguenti</strong></span> <span class='ocrx_word' id='word_1_446' title='bbox 2797 1850 3028 1918; x_wconf 82' lang='lat' dir='ltr'><strong>pretiosi,</strong></span> <span class='ocrx_word' id='word_1_447' title='bbox 3071 1858 3125 1904; x_wconf 91' lang='lat' dir='ltr'><strong>et</strong></span> <span class='ocrx_word' id='word_1_448' title='bbox 3165 1849 3372 1921; x_wconf 85' lang='lat' dir='ltr'><strong>reliqua</strong></span> <span class='ocrx_word' id='word_1_449' title='bbox 3402 1848 3619 1922; x_wconf 82' lang='lat' dir='ltr'><strong>(Matth.</strong></span> <span class='ocrx_word' id='word_1_450' title='bbox 3645 1866 3810 1916; x_wconf 85' lang='lat' dir='ltr'><strong>xxvt,</strong></span> <span class='ocrx_word' id='word_1_451' title='bbox 3841 1851 3874 1906; x_wconf 84' lang='grc' dir='ltr'><strong>ϐ</strong></span> <span class='ocrx_word' id='word_1_452' title='bbox 3907 1863 3959 1907; x_wconf 84' lang='lat' dir='ltr'><strong>et</strong></span> 
     </span>
    </p>
   </div>
   <div class='ocr_carea' id='block_1_63' title="bbox 2353 1940 3959 2012">
    <p class='ocr_par' dir='ltr' id='par_1_63' title="bbox 2353 1940 3959 2012">
     <span class='ocr_line' id='line_1_63' title="bbox 2353 1940 3959 2012; baseline 0.002 -18"><span class='ocrx_word' id='word_1_453' title='bbox 2353 1941 2430 2011; x_wconf 91' lang='lat'><strong>7).</strong></span> <span class='ocrx_word' id='word_1_454' title='bbox 2455 1940 2567 1996; x_wconf 89' lang='lat' dir='ltr'><strong>Sub</strong></span> <span class='ocrx_word' id='word_1_455' title='bbox 2598 1941 2716 2011; x_wconf 90' lang='lat' dir='ltr'><strong>ipso</strong></span> <span class='ocrx_word' id='word_1_456' title='bbox 2748 1949 2990 2011; x_wconf 85' lang='lat' dir='ltr'><strong>tempore</strong></span> <span class='ocrx_word' id='word_1_457' title='bbox 3017 1941 3285 2012; x_wconf 87' lang='lat' dir='ltr'><strong>passionis</strong></span> <span class='ocrx_word' id='word_1_458' title='bbox 3323 1955 3428 1995; x_wconf 92' lang='lat' dir='ltr'><strong>non</strong></span> <span class='ocrx_word' id='word_1_459' title='bbox 3467 1958 3537 1996; x_wconf 87' lang='lat' dir='ltr'><strong>ex</strong></span> <span class='ocrx_word' id='word_1_460' title='bbox 3565 1942 3730 1997; x_wconf 89' lang='lat' dir='ltr'><strong>nihilo</strong></span> <span class='ocrx_word' id='word_1_461' title='bbox 3759 1951 3862 2009; x_wconf 87' lang='lat' dir='ltr'><strong>est,</strong></span> <span class='ocrx_word' id='word_1_462' title='bbox 3893 1953 3959 1998; x_wconf 91' lang='lat' dir='ltr'><strong>ut</strong></span> 
     </span>
    </p>
   </div>
   <div class='ocr_carea' id='block_1_64' title="bbox 2350 2032 3956 2103">
    <p class='ocr_par' dir='ltr' id='par_1_64' title="bbox 2350 2032 3956 2103">
     <span class='ocr_line' id='line_1_64' title="bbox 2350 2032 3956 2103; baseline 0.002 -17"><span class='ocrx_word' id='word_1_463' title='bbox 2350 2032 2544 2087; x_wconf 91' lang='lat' dir='ltr'><strong>mulier</strong></span> <span class='ocrx_word' id='word_1_464' title='bbox 2595 2042 2929 2102; x_wconf 92' lang='lat' dir='ltr'><strong>unguentum</strong></span> <span class='ocrx_word' id='word_1_465' title='bbox 2979 2033 3274 2103; x_wconf 87' lang='lat' dir='ltr'><strong>pretiosum</strong></span> <span class='ocrx_word' id='word_1_466' title='bbox 3321 2035 3689 2090; x_wconf 86' lang='lat' dir='ltr'><strong>recumbentis</strong></span> <span class='ocrx_word' id='word_1_467' title='bbox 3734 2036 3956 2091; x_wconf 86' lang='lat' dir='ltr'><strong>Domini</strong></span> 
     </span>
    </p>
   </div>
   <div class='ocr_carea' id='block_1_65' title="bbox 2349 2123 3958 2196">
    <p class='ocr_par' dir='ltr' id='par_1_65' title="bbox 2349 2123 3958 2196">
     <span class='ocr_line' id='line_1_65' title="bbox 2349 2123 3958 2196; baseline 0.003 -17"><span class='ocrx_word' id='word_1_468' title='bbox 2349 2123 2514 2194; x_wconf 90' lang='lat' dir='ltr'><strong>capiti</strong></span> <span class='ocrx_word' id='word_1_469' title='bbox 2547 2123 2802 2179; x_wconf 89' lang='lat' dir='ltr'><strong>infuderit</strong></span> <span class='ocrx_word' id='word_1_470' title='bbox 2829 2142 2842 2178; x_wconf 89' lang='lat'><strong>:</strong></span> <span class='ocrx_word' id='word_1_471' title='bbox 2868 2125 3064 2179; x_wconf 88' lang='lat' dir='ltr'><strong>dehinc</strong></span> <span class='ocrx_word' id='word_1_472' title='bbox 3101 2133 3162 2179; x_wconf 88' lang='lat' dir='ltr'><strong>ut</strong></span> <span class='ocrx_word' id='word_1_473' title='bbox 3184 2125 3433 2196; x_wconf 89' lang='lat' dir='ltr'><strong>discipuli</strong></span> <span class='ocrx_word' id='word_1_474' title='bbox 3481 2126 3868 2194; x_wconf 85' lang='lat' dir='ltr'><strong>irascerentur,</strong></span> <span class='ocrx_word' id='word_1_475' title='bbox 3899 2139 3958 2184; x_wconf 88' lang='lat' dir='ltr'><strong>ct</strong></span> 
     </span>
    </p>
   </div>
   <div class='ocr_carea' id='block_1_66' title="bbox 2347 2215 3960 2290">
    <p class='ocr_par' dir='ltr' id='par_1_66' title="bbox 2347 2215 3960 2290">
     <span class='ocr_line' id='line_1_66' title="bbox 2347 2215 3960 2290; baseline 0.004 -20"><span class='ocrx_word' id='word_1_476' title='bbox 2347 2215 2594 2270; x_wconf 89' lang='lat' dir='ltr'><strong>dicerent</strong></span> <span class='ocrx_word' id='word_1_477' title='bbox 2637 2216 2794 2271; x_wconf 88' lang='lat' dir='ltr'><strong>vendi</strong></span> <span class='ocrx_word' id='word_1_478' title='bbox 2827 2216 2968 2271; x_wconf 90' lang='lat' dir='ltr'><strong>istud</strong></span> <span class='ocrx_word' id='word_1_479' title='bbox 3008 2217 3188 2288; x_wconf 87' lang='lat' dir='ltr'><strong>potius</strong></span> <span class='ocrx_word' id='word_1_480' title='bbox 3235 2218 3287 2272; x_wconf 92' lang='lat' dir='ltr'><strong>in</strong></span> <span class='ocrx_word' id='word_1_481' title='bbox 3327 2232 3480 2273; x_wconf 91' lang='lat' dir='ltr'><strong>usum</strong></span> <span class='ocrx_word' id='word_1_482' title='bbox 3524 2234 3822 2290; x_wconf 88' lang='lat' dir='ltr'><strong>pauperum</strong></span> <span class='ocrx_word' id='word_1_483' title='bbox 3862 2221 3960 2277; x_wconf 86' lang='lat' dir='ltr'><strong>de-</strong></span> 
     </span>
    </p>
   </div>
   <div class='ocr_carea' id='block_1_67' title="bbox 2350 2309 3955 2383">
    <p class='ocr_par' dir='ltr' id='par_1_67' title="bbox 2350 2309 3955 2383">
     <span class='ocr_line' id='line_1_67' title="bbox 2350 2309 3955 2383; baseline 0.004 -19"><span class='ocrx_word' id='word_1_484' title='bbox 2350 2309 2532 2365; x_wconf 85' lang='lat' dir='ltr'><strong>buisse</strong></span> <span class='ocrx_word' id='word_1_485' title='bbox 2558 2310 2630 2380; x_wconf 68' lang='grc' dir='ltr'><strong>(Ῡ</strong></span> <span class='ocrx_word' id='word_1_486' title='bbox 2652 2309 2687 2366; x_wconf 89' lang='grc'>8</span> <span class='ocrx_word' id='word_1_487' title='bbox 2711 2321 2756 2365; x_wconf 92' lang='lat' dir='ltr'><strong>et</strong></span> <span class='ocrx_word' id='word_1_488' title='bbox 2781 2310 2838 2383; x_wconf 88' lang='lat'><strong>9)</strong></span> <span class='ocrx_word' id='word_1_489' title='bbox 2865 2329 2878 2365; x_wconf 90' lang='lat'>:</span> <span class='ocrx_word' id='word_1_490' title='bbox 2906 2321 3016 2366; x_wconf 91' lang='lat' dir='ltr'><strong>tum</strong></span> <span class='ocrx_word' id='word_1_491' title='bbox 3042 2321 3098 2365; x_wconf 91' lang='lat' dir='ltr'><strong>ut</strong></span> <span class='ocrx_word' id='word_1_492' title='bbox 3121 2311 3380 2366; x_wconf 85' lang='lat' dir='ltr'><strong>Dominus</strong></span> <span class='ocrx_word' id='word_1_493' title='bbox 3407 2323 3460 2367; x_wconf 88' lang='lat' dir='ltr'><strong>et</strong></span> <span class='ocrx_word' id='word_1_494' title='bbox 3482 2315 3723 2370; x_wconf 90' lang='lat' dir='ltr'><strong>mulieris</strong></span> <span class='ocrx_word' id='word_1_495' title='bbox 3747 2314 3955 2370; x_wconf 89' lang='lat' dir='ltr'><strong>factum</strong></span> 
     </span>
    </p>
   </div>
   <div class='ocr_carea' id='block_1_68' title="bbox 2347 2402 3956 2475">
    <p class='ocr_par' dir='ltr' id='par_1_68' title="bbox 2347 2402 3956 2475">
     <span class='ocr_line' id='line_1_68' title="bbox 2347 2402 3956 2475; baseline 0.005 -19"><span class='ocrx_word' id='word_1_496' title='bbox 2347 2402 2754 2473; x_wconf 87' lang='lat' dir='ltr'><strong>comprobaret,</strong></span> <span class='ocrx_word' id='word_1_497' title='bbox 2797 2413 2851 2458; x_wconf 90' lang='lat' dir='ltr'><strong>et</strong></span> <span class='ocrx_word' id='word_1_498' title='bbox 2890 2413 3151 2459; x_wconf 59' lang='lat' dir='ltr'><strong>aeternam</strong></span> <span class='ocrx_word' id='word_1_499' title='bbox 3182 2420 3303 2460; x_wconf 89' lang='lat' dir='ltr'><strong>cum</strong></span> <span class='ocrx_word' id='word_1_500' title='bbox 3346 2405 3724 2475; x_wconf 63' lang='lat' dir='ltr'><strong>praedicatione</strong></span> <span class='ocrx_word' id='word_1_501' title='bbox 3767 2409 3956 2464; x_wconf 82' lang='lat' dir='ltr'><strong>Evan-</strong></span> 
     </span>
    </p>
   </div>
   <div class='ocr_carea' id='block_1_69' title="bbox 2348 2495 3956 2572">
    <p class='ocr_par' dir='ltr' id='par_1_69' title="bbox 2348 2495 3956 2572">
     <span class='ocr_line' id='line_1_69' title="bbox 2348 2495 3956 2572; baseline 0.004 -22"><span class='ocrx_word' id='word_1_502' title='bbox 2348 2495 2474 2566; x_wconf 89' lang='lat' dir='ltr'><strong>gelii</strong></span> <span class='ocrx_word' id='word_1_503' title='bbox 2515 2495 2696 2564; x_wconf 85' lang='lat' dir='ltr'><strong>operis</strong></span> <span class='ocrx_word' id='word_1_504' title='bbox 2741 2495 2902 2566; x_wconf 87' lang='lat' dir='ltr'><strong>hujus</strong></span> <span class='ocrx_word' id='word_1_505' title='bbox 2943 2511 3066 2552; x_wconf 91' lang='lat' dir='ltr'><strong>esse</strong></span> <span class='ocrx_word' id='word_1_506' title='bbox 3097 2497 3414 2552; x_wconf 91' lang='lat' dir='ltr'><strong>memoriam</strong></span> <span class='ocrx_word' id='word_1_507' title='bbox 3453 2499 3747 2570; x_wconf 89' lang='lat' dir='ltr'><strong>sponderet</strong></span> <span class='ocrx_word' id='word_1_508' title='bbox 3777 2519 3790 2554; x_wconf 91' lang='lat'>:</span> <span class='ocrx_word' id='word_1_509' title='bbox 3822 2518 3956 2572; x_wconf 88' lang='lat' dir='ltr'><strong>pos-</strong></span> 
     </span>
    </p>
   </div>
   <div class='ocr_carea' id='block_1_70' title="bbox 2350 2589 3956 2664">
    <p class='ocr_par' dir='ltr' id='par_1_70' title="bbox 2350 2589 3956 2664">
     <span class='ocr_line' id='line_1_70' title="bbox 2350 2589 3956 2664; baseline 0.002 -20"><span class='ocrx_word' id='word_1_510' title='bbox 2350 2597 2523 2644; x_wconf 92' lang='lat' dir='ltr'><strong>tremo</strong></span> <span class='ocrx_word' id='word_1_511' title='bbox 2564 2597 2621 2643; x_wconf 93' lang='lat' dir='ltr'><strong>ut</strong></span> <span class='ocrx_word' id='word_1_512' title='bbox 2652 2597 2772 2658; x_wconf 88' lang='lat' dir='ltr'><strong>post</strong></span> <span class='ocrx_word' id='word_1_513' title='bbox 2811 2589 2864 2643; x_wconf 88' lang='lat' dir='ltr'><strong>id</strong></span> <span class='ocrx_word' id='word_1_514' title='bbox 2899 2589 3066 2645; x_wconf 81' lang='lat' dir='ltr'><strong>ludas</strong></span> <span class='ocrx_word' id='word_1_515' title='bbox 3095 2589 3162 2660; x_wconf 88' lang='lat' dir='ltr'><strong>ad</strong></span> <span class='ocrx_word' id='word_1_516' title='bbox 3194 2590 3533 2647; x_wconf 88' lang='lat' dir='ltr'><strong>vendendam</strong></span> <span class='ocrx_word' id='word_1_517' title='bbox 3561 2592 3792 2652; x_wconf 85' lang='lat' dir='ltr'><strong>salutem</strong></span> <span class='ocrx_word' id='word_1_518' title='bbox 3830 2594 3956 2664; x_wconf 88' lang='lat' dir='ltr'><strong>ejus</strong></span> 
     </span>
    </p>
   </div>
   <div class='ocr_carea' id='block_1_71' title="bbox 2348 2691 2677 2752">
    <p class='ocr_par' dir='ltr' id='par_1_71' title="bbox 2348 2691 2677 2752">
     <span class='ocr_line' id='line_1_71' title="bbox 2348 2691 2677 2752; baseline -0.015 -12"><span class='ocrx_word' id='word_1_519' title='bbox 2348 2691 2677 2752; x_wconf 90' lang='lat' dir='ltr'><strong>erumperet.</strong></span> 
     </span>
    </p>
   </div>
   <div class='ocr_carea' id='block_1_72' title="bbox 2417 2772 3959 2849">
    <p class='ocr_par' dir='ltr' id='par_1_72' title="bbox 2417 2772 3959 2849">
     <span class='ocr_line' id='line_1_72' title="bbox 2417 2772 3959 2849; baseline 0.002 -19"><span class='ocrx_word' id='word_1_520' title='bbox 2417 2776 2473 2830; x_wconf 71' lang='lat'><strong>2.</strong></span> <span class='ocrx_word' id='word_1_521' title='bbox 2507 2774 2699 2829; x_wconf 84' lang='lat' dir='ltr'><strong>Mulier</strong></span> <span class='ocrx_word' id='word_1_522' title='bbox 2737 2791 2930 2846; x_wconf 77' lang='lat' dir='ltr'><strong>angens</strong></span> <span class='ocrx_word' id='word_1_523' title='bbox 2986 2772 3244 2831; x_wconf 86' lang='lat' dir='ltr'><strong>Christum</strong></span> <span class='ocrx_word' id='word_1_524' title='bbox 3276 2819 3290 2844; x_wconf 92' lang='lat'><strong>,</strong></span> <span class='ocrx_word' id='word_1_525' title='bbox 3338 2776 3477 2848; x_wconf 85' lang='lat' dir='ltr'><strong>plebs</strong></span> <span class='ocrx_word' id='word_1_526' title='bbox 3506 2779 3752 2849; x_wconf 87' lang='lat' dir='ltr'><strong>gentium.</strong></span> <span class='ocrx_word' id='word_1_527' title='bbox 3779 2777 3959 2833; x_wconf 84' lang='lat' dir='ltr'><strong>Disci-</strong></span> 
     </span>
    </p>
   </div>
   <div class='ocr_carea' id='block_1_73' title="bbox 2347 2867 3955 2942">
    <p class='ocr_par' dir='ltr' id='par_1_73' title="bbox 2347 2867 3955 2942">
     <span class='ocr_line' id='line_1_73' title="bbox 2347 2867 3955 2942; baseline 0.002 -19"><span class='ocrx_word' id='word_1_528' title='bbox 2347 2871 2591 2940; x_wconf 90' lang='lat' dir='ltr'><strong>pulorum</strong></span> <span class='ocrx_word' id='word_1_529' title='bbox 2613 2886 2705 2940; x_wconf 88' lang='lat' dir='ltr'><strong>pro</strong></span> <span class='ocrx_word' id='word_1_530' title='bbox 2721 2868 2891 2923; x_wconf 78' lang='lat' dir='ltr'><strong>Israel</strong></span> <span class='ocrx_word' id='word_1_531' title='bbox 2912 2867 3076 2938; x_wconf 73' lang='lat' dir='ltr'><strong>favor.</strong></span> <span class='ocrx_word' id='word_1_532' title='bbox 3096 2867 3380 2941; x_wconf 79' lang='lat' dir='ltr'><strong>Puuperes,</strong></span> <span class='ocrx_word' id='word_1_533' title='bbox 3410 2869 3583 2925; x_wconf 62' lang='lat' dir='ltr'><strong>Judaei</strong></span> <span class='ocrx_word' id='word_1_534' title='bbox 3613 2871 3738 2939; x_wconf 78' lang='lat' dir='ltr'><strong>fidei</strong></span> <span class='ocrx_word' id='word_1_535' title='bbox 3760 2872 3955 2942; x_wconf 86' lang='lat' dir='ltr'><strong>indigi.</strong></span> 
     </span>
    </p>
   </div>
   <div class='ocr_carea' id='block_1_74' title="bbox 2346 2961 3958 3034">
    <p class='ocr_par' dir='ltr' id='par_1_74' title="bbox 2346 2961 3958 3034">
     <span class='ocr_line' id='line_1_74' title="bbox 2346 2961 3958 3034; baseline 0.001 -17"><span class='ocrx_word' id='word_1_536' title='bbox 2346 2992 2417 3003; x_wconf 96' lang='lat'>—</span> <span class='ocrx_word' id='word_1_537' title='bbox 2447 2962 2638 3017; x_wconf 83' lang='lat' dir='ltr'><strong>Mulier</strong></span> <span class='ocrx_word' id='word_1_538' title='bbox 2667 2961 2783 3016; x_wconf 65' lang='lat' dir='ltr'><strong>hanc</strong></span> <span class='ocrx_word' id='word_1_539' title='bbox 2813 2961 2864 3014; x_wconf 91' lang='lat' dir='ltr'><strong>in</strong></span> <span class='ocrx_word' id='word_1_540' title='bbox 2906 2961 3344 3030; x_wconf 64' lang='lat' dir='ltr'><strong>prteﬁguratioue</strong></span> <span class='ocrx_word' id='word_1_541' title='bbox 3373 2961 3613 3032; x_wconf 87' lang='lat' dir='ltr'><strong>gentium</strong></span> <span class='ocrx_word' id='word_1_542' title='bbox 3657 2961 3729 3034; x_wconf 70' lang='grc' dir='ltr'><strong>(τ)</strong></span> <span class='ocrx_word' id='word_1_543' title='bbox 3773 2965 3958 3032; x_wconf 86' lang='lat' dir='ltr'><strong>plebis</strong></span> 
     </span>
    </p>
   </div>
   <div class='ocr_carea' id='block_1_75' title="bbox 2347 3053 3955 3127">
    <p class='ocr_par' dir='ltr' id='par_1_75' title="bbox 2347 3053 3955 3127">
     <span class='ocr_line' id='line_1_75' title="bbox 2347 3053 3955 3127; baseline -0.001 -14"><span class='ocrx_word' id='word_1_544' title='bbox 2347 3066 2447 3122; x_wconf 93' lang='lat' dir='ltr'><strong>est,</strong></span> <span class='ocrx_word' id='word_1_545' title='bbox 2485 3073 2605 3127; x_wconf 81' lang='lat' dir='ltr'><strong>quae</strong></span> <span class='ocrx_word' id='word_1_546' title='bbox 2646 3057 2698 3110; x_wconf 92' lang='lat' dir='ltr'><strong>in</strong></span> <span class='ocrx_word' id='word_1_547' title='bbox 2730 3054 2986 3126; x_wconf 90' lang='lat' dir='ltr'><strong>passione</strong></span> <span class='ocrx_word' id='word_1_548' title='bbox 3024 3053 3228 3110; x_wconf 86' lang='lat' dir='ltr'><strong>Christi</strong></span> <span class='ocrx_word' id='word_1_549' title='bbox 3273 3053 3498 3125; x_wconf 88' lang='lat' dir='ltr'><strong>gloriam</strong></span> <span class='ocrx_word' id='word_1_550' title='bbox 3535 3056 3642 3110; x_wconf 87' lang='lat' dir='ltr'><strong>Deo</strong></span> <span class='ocrx_word' id='word_1_551' title='bbox 3687 3055 3955 3111; x_wconf 87' lang='lat' dir='ltr'><strong>reddidit.</strong></span> 
     </span>
    </p>
   </div>
   <div class='ocr_carea' id='block_1_76' title="bbox 1430 3142 3959 3220">
    <p class='ocr_par' dir='ltr' id='par_1_76' title="bbox 1430 3142 3959 3220">
     <span class='ocr_line' id='line_1_76' title="bbox 1430 3142 3959 3220; baseline 0.001 -18"><span class='ocrx_word' id='word_1_552' title='bbox 1430 3165 1536 3202; x_wconf 93' lang='lat' dir='ltr'><strong>non</strong></span> <span class='ocrx_word' id='word_1_553' title='bbox 1587 3148 1804 3204; x_wconf 90' lang='lat' dir='ltr'><strong>habenti</strong></span> <span class='ocrx_word' id='word_1_554' title='bbox 1852 3157 2032 3204; x_wconf 90' lang='lat' dir='ltr'><strong>autem</strong></span> <span class='ocrx_word' id='word_1_555' title='bbox 2083 3147 2244 3205; x_wconf 86' lang='lat' dir='ltr'><strong>ﬁdem</strong></span> <span class='ocrx_word' id='word_1_556' title='bbox 2273 3142 2320 3206; x_wconf 89' lang='lat' dir='ltr'><strong>C</strong></span> <span class='ocrx_word' id='word_1_557' title='bbox 2351 3147 2524 3220; x_wconf 87' lang='lat' dir='ltr'><strong>Caput</strong></span> <span class='ocrx_word' id='word_1_558' title='bbox 2554 3149 2697 3204; x_wconf 86' lang='lat' dir='ltr'><strong>enim</strong></span> <span class='ocrx_word' id='word_1_559' title='bbox 2728 3148 2844 3218; x_wconf 90' lang='lat' dir='ltr'><strong>ejus</strong></span> <span class='ocrx_word' id='word_1_560' title='bbox 2873 3148 3124 3218; x_wconf 89' lang='lat' dir='ltr'><strong>perunxit</strong></span> <span class='ocrx_word' id='word_1_561' title='bbox 3151 3164 3163 3200; x_wconf 91' lang='lat'><strong>:</strong></span> <span class='ocrx_word' id='word_1_562' title='bbox 3194 3157 3357 3218; x_wconf 89' lang='lat' dir='ltr'><strong>caput</strong></span> <span class='ocrx_word' id='word_1_563' title='bbox 3378 3159 3558 3203; x_wconf 89' lang='lat' dir='ltr'><strong>autem</strong></span> <span class='ocrx_word' id='word_1_564' title='bbox 3579 3147 3784 3203; x_wconf 89' lang='lat' dir='ltr'><strong>Christi</strong></span> <span class='ocrx_word' id='word_1_565' title='bbox 3811 3149 3959 3205; x_wconf 87' lang='lat' dir='ltr'><strong>Deus</strong></span> 
     </span>
    </p>
   </div>
   <div class='ocr_carea' id='block_1_77' title="bbox 2349 3239 3961 3312">
    <p class='ocr_par' dir='ltr' id='par_1_77' title="bbox 2349 3239 3961 3312">
     <span class='ocr_line' id='line_1_77' title="bbox 2349 3239 3961 3312; baseline -0.003 -12"><span class='ocrx_word' id='word_1_566' title='bbox 2349 3253 2450 3300; x_wconf 86' lang='lat' dir='ltr'><strong>est.</strong></span> <span class='ocrx_word' id='word_1_567' title='bbox 2477 3241 2608 3297; x_wconf 88' lang='lat' dir='ltr'><strong>Nam</strong></span> <span class='ocrx_word' id='word_1_568' title='bbox 2651 3239 2730 3312; x_wconf 80' lang='grc' dir='ltr'><strong>(ά)</strong></span> <span class='ocrx_word' id='word_1_569' title='bbox 2764 3250 3092 3312; x_wconf 88' lang='lat' dir='ltr'><strong>unguentum</strong></span> <span class='ocrx_word' id='word_1_570' title='bbox 3122 3239 3247 3296; x_wconf 87' lang='lat' dir='ltr'><strong>boni</strong></span> <span class='ocrx_word' id='word_1_571' title='bbox 3278 3241 3461 3311; x_wconf 91' lang='lat' dir='ltr'><strong>operis</strong></span> <span class='ocrx_word' id='word_1_572' title='bbox 3499 3250 3582 3296; x_wconf 90' lang='lat' dir='ltr'><strong>est</strong></span> <span class='ocrx_word' id='word_1_573' title='bbox 3621 3240 3849 3296; x_wconf 89' lang='lat' dir='ltr'><strong>fructus.</strong></span> <span class='ocrx_word' id='word_1_574' title='bbox 3892 3242 3961 3297; x_wconf 82' lang='lat' dir='ltr'><strong>Et</strong></span> 
     </span>
    </p>
   </div>
   <div class='ocr_carea' id='block_1_78' title="bbox 2347 3332 3957 3407">
    <p class='ocr_par' dir='ltr' id='par_1_78' title="bbox 2347 3332 3957 3407">
     <span class='ocr_line' id='line_1_78' title="bbox 2347 3332 3957 3407; baseline -0.002 -17"><span class='ocrx_word' id='word_1_575' title='bbox 2347 3343 2568 3407; x_wconf 87' lang='lat' dir='ltr'><strong>propter</strong></span> <span class='ocrx_word' id='word_1_576' title='bbox 2593 3333 2839 3402; x_wconf 89' lang='lat' dir='ltr'><strong>corporis</strong></span> <span class='ocrx_word' id='word_1_577' title='bbox 2865 3347 3049 3387; x_wconf 90' lang='lat' dir='ltr'><strong>curam</strong></span> <span class='ocrx_word' id='word_1_578' title='bbox 3073 3332 3360 3387; x_wconf 88' lang='lat' dir='ltr'><strong>mulierum</strong></span> <span class='ocrx_word' id='word_1_579' title='bbox 3389 3333 3543 3388; x_wconf 76' lang='lat' dir='ltr'><strong>sexui</strong></span> <span class='ocrx_word' id='word_1_580' title='bbox 3567 3333 3804 3388; x_wconf 89' lang='lat' dir='ltr'><strong>maxime</strong></span> <span class='ocrx_word' id='word_1_581' title='bbox 3823 3348 3957 3402; x_wconf 85' lang='lat' dir='ltr'><strong>gra-</strong></span> 
     </span>
    </p>
   </div>
   <div class='ocr_carea' id='block_1_79' title="bbox 2349 3425 3953 3498">
    <p class='ocr_par' dir='ltr' id='par_1_79' title="bbox 2349 3425 3953 3498">
     <span class='ocr_line' id='line_1_79' title="bbox 2349 3425 3953 3498; baseline -0.002 -14"><span class='ocrx_word' id='word_1_582' title='bbox 2349 3440 2461 3483; x_wconf 93' lang='lat' dir='ltr'><strong>tum</strong></span> <span class='ocrx_word' id='word_1_583' title='bbox 2491 3437 2592 3482; x_wconf 89' lang='lat' dir='ltr'><strong>est.</strong></span> <span class='ocrx_word' id='word_1_584' title='bbox 2625 3427 2788 3498; x_wconf 89' lang='lat' dir='ltr'><strong>Igitur</strong></span> <span class='ocrx_word' id='word_1_585' title='bbox 2819 3440 3036 3480; x_wconf 92' lang='lat' dir='ltr'><strong>omnem</strong></span> <span class='ocrx_word' id='word_1_586' title='bbox 3063 3439 3249 3479; x_wconf 91' lang='lat' dir='ltr'><strong>curam</strong></span> <span class='ocrx_word' id='word_1_587' title='bbox 3281 3425 3530 3493; x_wconf 90' lang='lat' dir='ltr'><strong>corporis</strong></span> <span class='ocrx_word' id='word_1_588' title='bbox 3557 3426 3665 3491; x_wconf 91' lang='lat' dir='ltr'><strong>sui,</strong></span> <span class='ocrx_word' id='word_1_589' title='bbox 3692 3436 3748 3480; x_wconf 90' lang='lat' dir='ltr'><strong>et</strong></span> <span class='ocrx_word' id='word_1_590' title='bbox 3774 3434 3953 3480; x_wconf 87' lang='lat' dir='ltr'><strong>totum</strong></span> 
     </span>
    </p>
   </div>
   <div class='ocr_carea' id='block_1_80' title="bbox 2347 3516 3956 3592">
    <p class='ocr_par' dir='ltr' id='par_1_80' title="bbox 2347 3516 3956 3592">
     <span class='ocr_line' id='line_1_80' title="bbox 2347 3516 3956 3592; baseline -0.001 -17"><span class='ocrx_word' id='word_1_591' title='bbox 2347 3521 2601 3592; x_wconf 70' lang='lat' dir='ltr'><strong>pretiosa:</strong></span> <span class='ocrx_word' id='word_1_592' title='bbox 2626 3519 2825 3574; x_wconf 91' lang='lat' dir='ltr'><strong>mentis</strong></span> <span class='ocrx_word' id='word_1_593' title='bbox 2855 3517 3110 3572; x_wconf 80' lang='lat' dir='ltr'><strong>affectum</strong></span> <span class='ocrx_word' id='word_1_594' title='bbox 3142 3517 3192 3571; x_wconf 92' lang='lat' dir='ltr'><strong>in</strong></span> <span class='ocrx_word' id='word_1_595' title='bbox 3216 3516 3481 3572; x_wconf 90' lang='lat' dir='ltr'><strong>honorem</strong></span> <span class='ocrx_word' id='word_1_596' title='bbox 3507 3517 3600 3572; x_wconf 91' lang='lat' dir='ltr'><strong>Dei</strong></span> <span class='ocrx_word' id='word_1_597' title='bbox 3627 3518 3956 3589; x_wconf 80' lang='lat' dir='ltr'><strong>laudemque</strong></span> 
     </span>
    </p>
   </div>
   <div class='ocr_carea' id='block_1_81' title="bbox 2348 3609 3958 3680">
    <p class='ocr_par' dir='ltr' id='par_1_81' title="bbox 2348 3609 3958 3680">
     <span class='ocr_line' id='line_1_81' title="bbox 2348 3609 3958 3680; baseline 0.001 -15"><span class='ocrx_word' id='word_1_598' title='bbox 2348 3610 2657 3666; x_wconf 86' lang='lat' dir='ltr'><strong>transfudit.</strong></span> <span class='ocrx_word' id='word_1_599' title='bbox 2690 3609 2796 3665; x_wconf 90' lang='lat' dir='ltr'><strong>Sed</strong></span> <span class='ocrx_word' id='word_1_600' title='bbox 2833 3609 3082 3680; x_wconf 90' lang='lat' dir='ltr'><strong>discipuli</strong></span> <span class='ocrx_word' id='word_1_601' title='bbox 3117 3609 3300 3664; x_wconf 89' lang='lat' dir='ltr'><strong>favore</strong></span> <span class='ocrx_word' id='word_1_602' title='bbox 3341 3609 3587 3664; x_wconf 88' lang='lat' dir='ltr'><strong>salvandi</strong></span> <span class='ocrx_word' id='word_1_603' title='bbox 3620 3609 3858 3677; x_wconf 87' lang='lat' dir='ltr'><strong>lsraelis,</strong></span> <span class='ocrx_word' id='word_1_604' title='bbox 3898 3620 3958 3666; x_wconf 88' lang='lat' dir='ltr'><strong>ut</strong></span> 
     </span>
    </p>
   </div>
   <div class='ocr_carea' id='block_1_82' title="bbox 2346 3701 3955 3773">
    <p class='ocr_par' dir='ltr' id='par_1_82' title="bbox 2346 3701 3955 3773">
     <span class='ocr_line' id='line_1_82' title="bbox 2346 3701 3955 3773; baseline -0.001 -14"><span class='ocrx_word' id='word_1_605' title='bbox 2346 3717 2490 3773; x_wconf 73' lang='lat' dir='ltr'><strong>smpe</strong></span> <span class='ocrx_word' id='word_1_606' title='bbox 2536 3716 2784 3766; x_wconf 90' lang='lat' dir='ltr'><strong>numero,</strong></span> <span class='ocrx_word' id='word_1_607' title='bbox 2831 3711 3243 3756; x_wconf 91' lang='lat' dir='ltr'><strong>commoventur</strong></span> <span class='ocrx_word' id='word_1_608' title='bbox 3289 3720 3302 3754; x_wconf 91' lang='lat'><strong>:</strong></span> <span class='ocrx_word' id='word_1_609' title='bbox 3346 3701 3505 3756; x_wconf 91' lang='lat' dir='ltr'><strong>vendi</strong></span> <span class='ocrx_word' id='word_1_610' title='bbox 3555 3702 3656 3756; x_wconf 85' lang='lat' dir='ltr'><strong>hoc</strong></span> <span class='ocrx_word' id='word_1_611' title='bbox 3694 3704 3746 3756; x_wconf 93' lang='lat' dir='ltr'><strong>in</strong></span> <span class='ocrx_word' id='word_1_612' title='bbox 3789 3716 3955 3758; x_wconf 89' lang='lat' dir='ltr'><strong>usum</strong></span> 
     </span>
    </p>
   </div>
   <div class='ocr_carea' id='block_1_83' title="bbox 2347 3791 3953 3865">
    <p class='ocr_par' dir='ltr' id='par_1_83' title="bbox 2347 3791 3953 3865">
     <span class='ocr_line' id='line_1_83' title="bbox 2347 3791 3953 3865; baseline -0.001 -16"><span class='ocrx_word' id='word_1_613' title='bbox 2347 3808 2644 3865; x_wconf 86' lang='lat' dir='ltr'><strong>pauperum</strong></span> <span class='ocrx_word' id='word_1_614' title='bbox 2678 3792 2749 3862; x_wconf 72' lang='grc' dir='ltr'><strong>(ε)</strong></span> <span class='ocrx_word' id='word_1_615' title='bbox 2790 3791 3065 3847; x_wconf 86' lang='lat' dir='ltr'><strong>debuisse.</strong></span> <span class='ocrx_word' id='word_1_616' title='bbox 3108 3791 3215 3848; x_wconf 90' lang='lat' dir='ltr'><strong>Sed</strong></span> <span class='ocrx_word' id='word_1_617' title='bbox 3247 3807 3421 3862; x_wconf 88' lang='lat' dir='ltr'><strong>neque</strong></span> <span class='ocrx_word' id='word_1_618' title='bbox 3463 3793 3656 3848; x_wconf 90' lang='lat' dir='ltr'><strong>mulier</strong></span> <span class='ocrx_word' id='word_1_619' title='bbox 3693 3791 3811 3848; x_wconf 58' lang='lat' dir='ltr'><strong>hac</strong></span> <span class='ocrx_word' id='word_1_620' title='bbox 3851 3809 3953 3849; x_wconf 60' lang='lat' dir='ltr'><strong>vc-</strong></span> 
     </span>
    </p>
   </div>
   <div class='ocr_carea' id='block_1_84' title="bbox 2347 3885 3954 3958">
    <p class='ocr_par' dir='ltr' id='par_1_84' title="bbox 2347 3885 3954 3958">
     <span class='ocr_line' id='line_1_84' title="bbox 2347 3885 3954 3958; baseline 0.001 -15"><span class='ocrx_word' id='word_1_621' title='bbox 2347 3888 2468 3943; x_wconf 91' lang='lat' dir='ltr'><strong>nale</strong></span> <span class='ocrx_word' id='word_1_622' title='bbox 2496 3895 2825 3957; x_wconf 84' lang='lat' dir='ltr'><strong>unguentum</strong></span> <span class='ocrx_word' id='word_1_623' title='bbox 2854 3885 3285 3941; x_wconf 79' lang='lat' dir='ltr'><strong>circumferebat.</strong></span> <span class='ocrx_word' id='word_1_624' title='bbox 3312 3886 3378 3941; x_wconf 86' lang='lat' dir='ltr'><strong>Et</strong></span> <span class='ocrx_word' id='word_1_625' title='bbox 3399 3901 3684 3958; x_wconf 87' lang='lat' dir='ltr'><strong>pauperes,</strong></span> <span class='ocrx_word' id='word_1_626' title='bbox 3710 3887 3837 3944; x_wconf 84' lang='lat' dir='ltr'><strong>ﬁdei</strong></span> <span class='ocrx_word' id='word_1_627' title='bbox 3870 3891 3954 3944; x_wconf 91' lang='lat' dir='ltr'><strong>in-</strong></span> 
     </span>
    </p>
   </div>
   <div class='ocr_carea' id='block_1_85' title="bbox 2345 3977 3951 4053">
    <p class='ocr_par' dir='ltr' id='par_1_85' title="bbox 2345 3977 3951 4053">
     <span class='ocr_line' id='line_1_85' title="bbox 2345 3977 3951 4053; baseline 0.002 -18"><span class='ocrx_word' id='word_1_628' title='bbox 2345 3980 2497 4051; x_wconf 86' lang='lat' dir='ltr'><strong>digos</strong></span> <span class='ocrx_word' id='word_1_629' title='bbox 2540 3979 2802 4034; x_wconf 89' lang='lat' dir='ltr'><strong>instinctu</strong></span> <span class='ocrx_word' id='word_1_630' title='bbox 2831 3977 3147 4048; x_wconf 84' lang='lat' dir='ltr'><strong>prOphetico</strong></span> <span class='ocrx_word' id='word_1_631' title='bbox 3171 3979 3237 4051; x_wconf 71' lang='grc' dir='ltr'><strong>(Γ)</strong></span> <span class='ocrx_word' id='word_1_632' title='bbox 3268 3989 3732 4049; x_wconf 87' lang='lat' dir='ltr'><strong>nuncupaverunt.</strong></span> <span class='ocrx_word' id='word_1_633' title='bbox 3762 3984 3951 4053; x_wconf 86' lang='lat' dir='ltr'><strong>Atque</strong></span> 
     </span>
    </p>
   </div>
   <div class='ocr_carea' id='block_1_86' title="bbox 2346 4071 4028 4145">
    <p class='ocr_par' dir='ltr' id='par_1_86' title="bbox 2346 4071 4028 4145">
     <span class='ocr_line' id='line_1_86' title="bbox 2346 4071 4028 4145; baseline 0.002 -18"><span class='ocrx_word' id='word_1_634' title='bbox 2346 4074 2484 4128; x_wconf 88' lang='lat' dir='ltr'><strong>hanc</strong></span> <span class='ocrx_word' id='word_1_635' title='bbox 2505 4073 2745 4144; x_wconf 82' lang='lat' dir='ltr'><strong>gentium</strong></span> <span class='ocrx_word' id='word_1_636' title='bbox 2777 4071 2933 4126; x_wconf 89' lang='lat' dir='ltr'><strong>ﬁdem</strong></span> <span class='ocrx_word' id='word_1_637' title='bbox 2961 4072 3065 4126; x_wconf 91' lang='lat' dir='ltr'><strong>emi</strong></span> <span class='ocrx_word' id='word_1_638' title='bbox 3099 4072 3275 4141; x_wconf 83' lang='lat' dir='ltr'><strong>potius</strong></span> <span class='ocrx_word' id='word_1_639' title='bbox 3304 4073 3370 4126; x_wconf 89' lang='lat' dir='ltr'><strong>ad</strong></span> <span class='ocrx_word' id='word_1_640' title='bbox 3395 4073 3626 4128; x_wconf 88' lang='lat' dir='ltr'><strong>salutem</strong></span> <span class='ocrx_word' id='word_1_641' title='bbox 3650 4075 3804 4145; x_wconf 85' lang='lat' dir='ltr'><strong>egeni</strong></span> <span class='ocrx_word' id='word_1_642' title='bbox 3839 4075 3948 4130; x_wconf 82' lang='lat' dir='ltr'><strong>hu-</strong></span> <span class='ocrx_word' id='word_1_643' title='bbox 4019 4085 4028 4094; x_wconf 86' lang='lat'><strong>&#39;</strong></span> 
     </span>
    </p>
   </div>
   <div class='ocr_carea' id='block_1_87' title="bbox 2339 4163 3947 4237">
    <p class='ocr_par' dir='ltr' id='par_1_87' title="bbox 2339 4163 3947 4237">
     <span class='ocr_line' id='line_1_87' title="bbox 2339 4163 3947 4237; baseline 0.002 -17"><span class='ocrx_word' id='word_1_644' title='bbox 2339 4165 2428 4236; x_wconf 91' lang='lat' dir='ltr'><strong>jus</strong></span> <span class='ocrx_word' id='word_1_645' title='bbox 2458 4164 2639 4236; x_wconf 91' lang='lat' dir='ltr'><strong>populi</strong></span> <span class='ocrx_word' id='word_1_646' title='bbox 2671 4163 2943 4220; x_wconf 87' lang='lat' dir='ltr'><strong>debuisse.</strong></span> <span class='ocrx_word' id='word_1_647' title='bbox 2971 4163 3177 4230; x_wconf 87' lang='lat' dir='ltr'><strong>Quibus</strong></span> <span class='ocrx_word' id='word_1_648' title='bbox 3221 4165 3480 4220; x_wconf 90' lang='lat' dir='ltr'><strong>Dominus</strong></span> <span class='ocrx_word' id='word_1_649' title='bbox 3511 4167 3616 4233; x_wconf 90' lang='lat' dir='ltr'><strong>ait,</strong></span> <span class='ocrx_word' id='word_1_650' title='bbox 3648 4167 3947 4237; x_wconf 86' lang='lat' dir='ltr'><strong>plurimum</strong></span> 
     </span>
    </p>
   </div>
   <div class='ocr_carea' id='block_1_88' title="bbox 2342 4257 3948 4331">
    <p class='ocr_par' dir='ltr' id='par_1_88' title="bbox 2342 4257 3948 4331">
     <span class='ocr_line' id='line_1_88' title="bbox 2342 4257 3948 4331; baseline -0.001 -15"><span class='ocrx_word' id='word_1_651' title='bbox 2342 4276 2464 4317; x_wconf 90' lang='lat' dir='ltr'><strong>esse</strong></span> <span class='ocrx_word' id='word_1_652' title='bbox 2489 4260 2766 4331; x_wconf 89' lang='lat' dir='ltr'><strong>temporis,</strong></span> <span class='ocrx_word' id='word_1_653' title='bbox 2796 4274 2904 4329; x_wconf 88' lang='lat' dir='ltr'><strong>quo</strong></span> <span class='ocrx_word' id='word_1_654' title='bbox 2928 4257 3130 4313; x_wconf 89' lang='lat' dir='ltr'><strong>habere</strong></span> <span class='ocrx_word' id='word_1_655' title='bbox 3155 4262 3342 4313; x_wconf 85' lang='lat' dir='ltr'><strong>curam</strong></span> <span class='ocrx_word' id='word_1_656' title='bbox 3367 4274 3663 4330; x_wconf 86' lang='lat' dir='ltr'><strong>pauperum</strong></span> <span class='ocrx_word' id='word_1_657' title='bbox 3691 4271 3948 4331; x_wconf 86' lang='lat' dir='ltr'><strong>possent;</strong></span> 
     </span>
    </p>
   </div>
   <div class='ocr_carea' id='block_1_89' title="bbox 2342 4350 3951 4422">
    <p class='ocr_par' dir='ltr' id='par_1_89' title="bbox 2342 4350 3951 4422">
     <span class='ocr_line' id='line_1_89' title="bbox 2342 4350 3951 4422; baseline 0 -14"><span class='ocrx_word' id='word_1_658' title='bbox 2342 4360 2597 4408; x_wconf 69' lang='lat' dir='ltr'><strong>cmterum</strong></span> <span class='ocrx_word' id='word_1_659' title='bbox 2629 4366 2735 4406; x_wconf 93' lang='lat' dir='ltr'><strong>non</strong></span> <span class='ocrx_word' id='word_1_660' title='bbox 2761 4350 2862 4405; x_wconf 91' lang='lat' dir='ltr'><strong>nisi</strong></span> <span class='ocrx_word' id='word_1_661' title='bbox 2900 4365 2968 4404; x_wconf 82' lang='lat' dir='ltr'><strong>ex</strong></span> <span class='ocrx_word' id='word_1_662' title='bbox 3001 4360 3271 4420; x_wconf 66' lang='lat' dir='ltr'><strong>praecepto</strong></span> <span class='ocrx_word' id='word_1_663' title='bbox 3301 4365 3400 4404; x_wconf 92' lang='lat' dir='ltr'><strong>suo</strong></span> <span class='ocrx_word' id='word_1_664' title='bbox 3427 4351 3653 4406; x_wconf 90' lang='lat' dir='ltr'><strong>salutem</strong></span> <span class='ocrx_word' id='word_1_665' title='bbox 3691 4353 3951 4422; x_wconf 84' lang='lat' dir='ltr'><strong>gentibus</strong></span> 
     </span>
    </p>
   </div>
   <div class='ocr_carea' id='block_1_90' title="bbox 2347 4441 3949 4515">
    <p class='ocr_par' dir='ltr' id='par_1_90' title="bbox 2347 4441 3949 4515">
     <span class='ocr_line' id='line_1_90' title="bbox 2347 4441 3949 4515; baseline 0.001 -15"><span class='ocrx_word' id='word_1_666' title='bbox 2347 4459 2503 4515; x_wconf 75' lang='lat' dir='ltr'><strong>posse</strong></span> <span class='ocrx_word' id='word_1_667' title='bbox 2536 4442 2800 4514; x_wconf 75' lang='lat' dir='ltr'><strong>praestari,</strong></span> <span class='ocrx_word' id='word_1_668' title='bbox 2831 4458 2954 4512; x_wconf 76' lang='lat' dir='ltr'><strong>qua:</strong></span> <span class='ocrx_word' id='word_1_669' title='bbox 2981 4457 3162 4498; x_wconf 89' lang='lat' dir='ltr'><strong>secum</strong></span> <span class='ocrx_word' id='word_1_670' title='bbox 3193 4441 3368 4498; x_wconf 87' lang='lat' dir='ltr'><strong>infuso</strong></span> <span class='ocrx_word' id='word_1_671' title='bbox 3399 4443 3640 4499; x_wconf 88' lang='lat' dir='ltr'><strong>mulieris</strong></span> <span class='ocrx_word' id='word_1_672' title='bbox 3665 4444 3820 4514; x_wconf 89' lang='lat' dir='ltr'><strong>hujus</strong></span> <span class='ocrx_word' id='word_1_673' title='bbox 3846 4463 3949 4501; x_wconf 91' lang='lat' dir='ltr'><strong>un-</strong></span> 
     </span>
    </p>
   </div>
   <div class='ocr_carea' id='block_1_91' title="bbox 640 4525 3952 4609">
    <p class='ocr_par' dir='ltr' id='par_1_91' title="bbox 640 4525 3952 4609">
     <span class='ocr_line' id='line_1_91' title="bbox 640 4525 3952 4609; baseline -0.002 -9"><span class='ocrx_word' id='word_1_674' title='bbox 640 4559 772 4600; x_wconf 83' lang='lat' dir='ltr'><strong>cans</strong></span> <span class='ocrx_word' id='word_1_675' title='bbox 789 4558 848 4599; x_wconf 88' lang='lat' dir='ltr'><strong>se</strong></span> <span class='ocrx_word' id='word_1_676' title='bbox 870 4543 923 4598; x_wconf 91' lang='lat' dir='ltr'><strong>in</strong></span> <span class='ocrx_word' id='word_1_677' title='bbox 955 4540 1195 4598; x_wconf 90' lang='lat' dir='ltr'><strong>minimis</strong></span> <span class='ocrx_word' id='word_1_678' title='bbox 1215 4538 1350 4606; x_wconf 87' lang='lat' dir='ltr'><strong>suis,</strong></span> <span class='ocrx_word' id='word_1_679' title='bbox 1376 4537 1428 4593; x_wconf 88' lang='lat' dir='ltr'><strong>id</strong></span> <span class='ocrx_word' id='word_1_680' title='bbox 1459 4544 1564 4604; x_wconf 91' lang='lat' dir='ltr'><strong>est,</strong></span> <span class='ocrx_word' id='word_1_681' title='bbox 1595 4535 1662 4590; x_wconf 84' lang='lat' dir='ltr'><strong>iis</strong></span> <span class='ocrx_word' id='word_1_682' title='bbox 1690 4536 1781 4606; x_wconf 90' lang='lat' dir='ltr'><strong>qui</strong></span> <span class='ocrx_word' id='word_1_683' title='bbox 1805 4535 1908 4590; x_wconf 89' lang='lat' dir='ltr'><strong>sibi</strong></span> <span class='ocrx_word' id='word_1_684' title='bbox 1930 4535 2094 4607; x_wconf 74' lang='lat'><strong>798</strong></span> <span class='ocrx_word' id='word_1_685' title='bbox 2111 4551 2237 4591; x_wconf 93' lang='lat' dir='ltr'><strong>cum</strong></span> <span class='ocrx_word' id='word_1_686' title='bbox 2261 4525 2315 4586; x_wconf 89' lang='lat' dir='ltr'><strong>D</strong></span> <span class='ocrx_word' id='word_1_687' title='bbox 2340 4546 2540 4609; x_wconf 89' lang='lat' dir='ltr'><strong>guento</strong></span> <span class='ocrx_word' id='word_1_688' title='bbox 2569 4537 2678 4591; x_wconf 88' lang='lat' dir='ltr'><strong>sint</strong></span> <span class='ocrx_word' id='word_1_689' title='bbox 2704 4533 3034 4604; x_wconf 80' lang='lat' dir='ltr'><strong>consepultac</strong></span> <span class='ocrx_word' id='word_1_690' title='bbox 3063 4533 3139 4606; x_wconf 60' lang='grc' dir='ltr'><strong>(ᾗ</strong></span> <span class='ocrx_word' id='word_1_691' title='bbox 3164 4534 3224 4588; x_wconf 83' lang='grc' dir='ltr'>Η</span> <span class='ocrx_word' id='word_1_692' title='bbox 3259 4543 3312 4589; x_wconf 91' lang='lat' dir='ltr'><strong>et</strong></span> <span class='ocrx_word' id='word_1_693' title='bbox 3337 4535 3426 4606; x_wconf 74' lang='lat' dir='ltr'><strong>t2)</strong></span> <span class='ocrx_word' id='word_1_694' title='bbox 3462 4553 3474 4588; x_wconf 89' lang='lat'>:</span> <span class='ocrx_word' id='word_1_695' title='bbox 3503 4536 3628 4606; x_wconf 86' lang='lat' dir='ltr'><strong>quia</strong></span> <span class='ocrx_word' id='word_1_696' title='bbox 3649 4551 3952 4607; x_wconf 84' lang='lat' dir='ltr'><strong>regenera-</strong></span> 
     </span>
    </p>
   </div>
   <div class='ocr_carea' id='block_1_92' title="bbox 637 4627 2235 4702">
    <p class='ocr_par' dir='ltr' id='par_1_92' title="bbox 637 4627 2235 4702">
     <span class='ocr_line' id='line_1_92' title="bbox 637 4627 2235 4702; baseline -0.006 -9"><span class='ocrx_word' id='word_1_697' title='bbox 637 4635 956 4693; x_wconf 90' lang='lat' dir='ltr'><strong>humilitatis</strong></span> <span class='ocrx_word' id='word_1_698' title='bbox 997 4648 1110 4689; x_wconf 66' lang='lat' dir='ltr'><strong>suae</strong></span> <span class='ocrx_word' id='word_1_699' title='bbox 1149 4631 1556 4702; x_wconf 88' lang='lat' dir='ltr'><strong>exspectatione</strong></span> <span class='ocrx_word' id='word_1_700' title='bbox 1605 4627 1956 4694; x_wconf 84' lang='lat' dir='ltr'><strong>famulentur,</strong></span> <span class='ocrx_word' id='word_1_701' title='bbox 1988 4637 2064 4699; x_wconf 35' lang='lat' dir='ltr'><strong>tet</strong></span> <span class='ocrx_word' id='word_1_702' title='bbox 2108 4644 2235 4685; x_wconf 87' lang='lat' dir='ltr'><strong>esu-</strong></span> 
     </span>
    </p>
   </div>
   <div class='ocr_carea' id='block_1_93' title="bbox 636 4719 2233 4796">
    <p class='ocr_par' dir='ltr' id='par_1_93' title="bbox 636 4719 2233 4796">
     <span class='ocr_line' id='line_1_93' title="bbox 636 4719 2233 4796; baseline -0.004 -10"><span class='ocrx_word' id='word_1_703' title='bbox 636 4729 903 4786; x_wconf 90' lang='lat' dir='ltr'><strong>rientibus</strong></span> <span class='ocrx_word' id='word_1_704' title='bbox 925 4729 1017 4796; x_wconf 91' lang='lat' dir='ltr'><strong>ali,</strong></span> <span class='ocrx_word' id='word_1_705' title='bbox 1042 4735 1099 4782; x_wconf 88' lang='lat' dir='ltr'><strong>et</strong></span> <span class='ocrx_word' id='word_1_706' title='bbox 1127 4725 1432 4782; x_wconf 90' lang='lat' dir='ltr'><strong>sitientibus</strong></span> <span class='ocrx_word' id='word_1_707' title='bbox 1457 4723 1654 4795; x_wconf 84' lang='lat' dir='ltr'><strong>potari,</strong></span> <span class='ocrx_word' id='word_1_708' title='bbox 1679 4730 1733 4778; x_wconf 87' lang='lat' dir='ltr'><strong>et</strong></span> <span class='ocrx_word' id='word_1_709' title='bbox 1761 4719 2233 4791; x_wconf 84' lang='lat' dir='ltr'><strong>peregrinantibus</strong></span> 
     </span>
    </p>
   </div>
   <div class='ocr_carea' id='block_1_94' title="bbox 634 4814 2235 4888">
    <p class='ocr_par' dir='ltr' id='par_1_94' title="bbox 634 4814 2235 4888">
     <span class='ocr_line' id='line_1_94' title="bbox 634 4814 2235 4888; baseline -0.006 -9"><span class='ocrx_word' id='word_1_710' title='bbox 634 4822 934 4886; x_wconf 84' lang='lat' dir='ltr'><strong>contoveri,</strong></span> <span class='ocrx_word' id='word_1_711' title='bbox 966 4831 1020 4876; x_wconf 88' lang='lat' dir='ltr'><strong>et</strong></span> <span class='ocrx_word' id='word_1_712' title='bbox 1064 4819 1220 4875; x_wconf 88' lang='lat' dir='ltr'><strong>nudis</strong></span> <span class='ocrx_word' id='word_1_713' title='bbox 1267 4818 1502 4888; x_wconf 85' lang='lat' dir='ltr'><strong>contegi,</strong></span> <span class='ocrx_word' id='word_1_714' title='bbox 1544 4824 1599 4871; x_wconf 90' lang='lat' dir='ltr'><strong>et</strong></span> <span class='ocrx_word' id='word_1_715' title='bbox 1639 4814 1868 4870; x_wconf 90' lang='lat' dir='ltr'><strong>inﬁrmis</strong></span> <span class='ocrx_word' id='word_1_716' title='bbox 1907 4815 2136 4883; x_wconf 83' lang='lat' dir='ltr'><strong>visitari,</strong></span> <span class='ocrx_word' id='word_1_717' title='bbox 2179 4825 2235 4872; x_wconf 91' lang='lat' dir='ltr'><strong>et</strong></span> 
     </span>
    </p>
   </div>
   <div class='ocr_carea' id='block_1_95' title="bbox 633 4909 2233 4984">
    <p class='ocr_par' dir='ltr' id='par_1_95' title="bbox 633 4909 2233 4984">
     <span class='ocr_line' id='line_1_95' title="bbox 633 4909 2233 4984; baseline -0.004 -11"><span class='ocrx_word' id='word_1_718' title='bbox 633 4916 879 4980; x_wconf 83' lang='lat' dir='ltr'><strong>sollicitis</strong></span> <span class='ocrx_word' id='word_1_719' title='bbox 909 4913 1180 4972; x_wconf 89' lang='lat' dir='ltr'><strong>consolari</strong></span> <span class='ocrx_word' id='word_1_720' title='bbox 1211 4911 1418 4984; x_wconf 54' lang='lat'><strong>(740).</strong></span> <span class='ocrx_word' id='word_1_721' title='bbox 1466 4911 1544 4968; x_wconf 87' lang='lat' dir='ltr'><strong>Ita</strong></span> <span class='ocrx_word' id='word_1_722' title='bbox 1583 4911 1730 4967; x_wconf 81' lang='lat' dir='ltr'><strong>enim</strong></span> <span class='ocrx_word' id='word_1_723' title='bbox 1763 4909 1816 4965; x_wconf 90' lang='lat' dir='ltr'><strong>in</strong></span> <span class='ocrx_word' id='word_1_724' title='bbox 1855 4909 2233 4967; x_wconf 90' lang='lat' dir='ltr'><strong>universorum</strong></span> 
     </span>
    </p>
   </div>
   <div class='ocr_carea' id='block_1_96' title="bbox 704 5093 2221 5176">
    <p class='ocr_par' dir='ltr' id='par_1_96' title="bbox 704 5093 2221 5176">
     <span class='ocr_line' id='line_1_96' title="bbox 704 5093 2221 5176; baseline -0.006 -16"><span class='ocrx_word' id='word_1_725' title='bbox 704 5101 785 5176; x_wconf 91' lang='lat' dir='ltr'><strong>(a)</strong></span> <span class='ocrx_word' id='word_1_726' title='bbox 811 5101 979 5176; x_wconf 87' lang='lat' dir='ltr'><strong>Editi,</strong></span> <span class='ocrx_word' id='word_1_727' title='bbox 1011 5098 1311 5176; x_wconf 73' lang='lat' dir='ltr'><strong>judicans:</strong></span> <span class='ocrx_word' id='word_1_728' title='bbox 1338 5097 1677 5166; x_wconf 90' lang='lat' dir='ltr'><strong>corriguntur</strong></span> <span class='ocrx_word' id='word_1_729' title='bbox 1715 5110 1781 5176; x_wconf 74' lang='lat' dir='ltr'><strong>ex</strong></span> <span class='ocrx_word' id='word_1_730' title='bbox 1827 5109 1957 5176; x_wconf 74' lang='lat' dir='ltr'><strong>mss.</strong></span> <span class='ocrx_word' id='word_1_731' title='bbox 1995 5093 2221 5176; x_wconf 77' lang='lat' dir='ltr'><strong>Deinde,</strong></span> 
     </span>
    </p>
   </div>
   <div class='ocr_carea' id='block_1_97' title="bbox 629 5165 2221 5247">
    <p class='ocr_par' dir='ltr' id='par_1_97' title="bbox 629 5165 2221 5247">
     <span class='ocr_line' id='line_1_97' title="bbox 629 5165 2221 5247; baseline -0.009 -15"><span class='ocrx_word' id='word_1_732' title='bbox 629 5165 724 5247; x_wconf 79' lang='lat' dir='ltr'><strong>qui</strong></span> <span class='ocrx_word' id='word_1_733' title='bbox 737 5165 830 5231; x_wconf 82' lang='lat' dir='ltr'><strong>sibi</strong></span> <span class='ocrx_word' id='word_1_734' title='bbox 857 5165 985 5247; x_wconf 35' lang='lat' dir='ltr'><strong>cum:</strong></span> <span class='ocrx_word' id='word_1_735' title='bbox 1000 5165 1302 5247; x_wconf 72' lang='lat' dir='ltr'><strong>humilitatis</strong></span> <span class='ocrx_word' id='word_1_736' title='bbox 1330 5184 1446 5247; x_wconf 53' lang='lat' dir='ltr'><strong>sua:</strong></span> <span class='ocrx_word' id='word_1_737' title='bbox 1484 5165 1859 5247; x_wconf 63' lang='lat' dir='ltr'><strong>exspectatione</strong></span> <span class='ocrx_word' id='word_1_738' title='bbox 1887 5165 2221 5247; x_wconf 52' lang='lat' dir='ltr'><strong>famulentur,</strong></span> 
     </span>
    </p>
   </div>
   <div class='ocr_carea' id='block_1_98' title="bbox 627 5236 2223 5314">
    <p class='ocr_par' dir='ltr' id='par_1_98' title="bbox 627 5236 2223 5314">
     <span class='ocr_line' id='line_1_98' title="bbox 627 5236 2223 5314; baseline -0.01 -9"><span class='ocrx_word' id='word_1_739' title='bbox 627 5236 683 5304; x_wconf 77' lang='lat' dir='ltr'><strong>id</strong></span> <span class='ocrx_word' id='word_1_740' title='bbox 718 5256 822 5308; x_wconf 89' lang='lat' dir='ltr'><strong>est,</strong></span> <span class='ocrx_word' id='word_1_741' title='bbox 847 5246 936 5314; x_wconf 89' lang='lat' dir='ltr'><strong>qui</strong></span> <span class='ocrx_word' id='word_1_742' title='bbox 965 5241 1293 5314; x_wconf 81' lang='lat' dir='ltr'><strong>famulentur</strong></span> <span class='ocrx_word' id='word_1_743' title='bbox 1330 5240 1440 5293; x_wconf 85' lang='lat' dir='ltr'><strong>Deo</strong></span> <span class='ocrx_word' id='word_1_744' title='bbox 1471 5237 1718 5314; x_wconf 83' lang='lat' dir='ltr'><strong>omnibus</strong></span> <span class='ocrx_word' id='word_1_745' title='bbox 1750 5236 2080 5314; x_wconf 70' lang='lat' dir='ltr'><strong>humilitatis</strong></span> <span class='ocrx_word' id='word_1_746' title='bbox 2101 5237 2223 5314; x_wconf 77' lang='lat' dir='ltr'><strong>ofﬁ-</strong></span> 
     </span>
    </p>
   </div>
   <div class='ocr_carea' id='block_1_99' title="bbox 627 5308 2220 5388">
    <p class='ocr_par' dir='ltr' id='par_1_99' title="bbox 627 5308 2220 5388">
     <span class='ocr_line' id='line_1_99' title="bbox 627 5308 2220 5388; baseline -0.008 -14"><span class='ocrx_word' id='word_1_747' title='bbox 627 5321 748 5381; x_wconf 88' lang='lat' dir='ltr'><strong>ciis,</strong></span> <span class='ocrx_word' id='word_1_748' title='bbox 778 5308 1006 5388; x_wconf 81' lang='lat' dir='ltr'><strong>quorum</strong></span> <span class='ocrx_word' id='word_1_749' title='bbox 1049 5311 1460 5388; x_wconf 74' lang='lat' dir='ltr'><strong>retributionem</strong></span> <span class='ocrx_word' id='word_1_750' title='bbox 1498 5309 1567 5364; x_wconf 91' lang='lat' dir='ltr'><strong>ab</strong></span> <span class='ocrx_word' id='word_1_751' title='bbox 1595 5324 1661 5363; x_wconf 92' lang='lat' dir='ltr'><strong>eo</strong></span> <span class='ocrx_word' id='word_1_752' title='bbox 1690 5315 2027 5388; x_wconf 75' lang='lat' dir='ltr'><strong>exspectent.</strong></span> <span class='ocrx_word' id='word_1_753' title='bbox 2059 5308 2136 5388; x_wconf 71' lang='lat' dir='ltr'><strong>ita</strong></span> 
     </span>
    </p>
   </div>
   <div class='ocr_carea' id='block_1_100' title="bbox 627 5379 2223 5450">
    <p class='ocr_par' dir='ltr' id='par_1_100' title="bbox 627 5379 2223 5450">
     <span class='ocr_line' id='line_1_100' title="bbox 627 5379 2223 5450; baseline -0.008 -4"><span class='ocrx_word' id='word_1_754' title='bbox 627 5379 771 5446; x_wconf 83' lang='lat' dir='ltr'><strong>Psal.</strong></span> <span class='ocrx_word' id='word_1_755' title='bbox 797 5379 1060 5450; x_wconf 75' lang='lat' dir='ltr'><strong>cxxxvm,</strong></span> <span class='ocrx_word' id='word_1_756' title='bbox 1091 5401 1144 5439; x_wconf 93' lang='lat' dir='ltr'><strong>n.</strong></span> <span class='ocrx_word' id='word_1_757' title='bbox 1176 5383 1278 5450; x_wconf 79' lang='grc'><strong>51,</strong></span> <span class='ocrx_word' id='word_1_758' title='bbox 1314 5381 1652 5450; x_wconf 87' lang='lat' dir='ltr'><strong>explicantur</strong></span> <span class='ocrx_word' id='word_1_759' title='bbox 1691 5381 1852 5436; x_wconf 88' lang='lat' dir='ltr'><strong>verba</strong></span> <span class='ocrx_word' id='word_1_760' title='bbox 1881 5379 2072 5450; x_wconf 78' lang='lat' dir='ltr'><strong>psalmi</strong></span> <span class='ocrx_word' id='word_1_761' title='bbox 2111 5398 2123 5434; x_wconf 90' lang='lat'>:</span> <span class='ocrx_word' id='word_1_762' title='bbox 2157 5379 2223 5434; x_wconf 81' lang='lat' dir='ltr'><strong>Et</strong></span> 
     </span>
    </p>
   </div>
   <div class='ocr_carea' id='block_1_101' title="bbox 625 5448 2221 5520">
    <p class='ocr_par' dir='ltr' id='par_1_101' title="bbox 625 5448 2221 5520">
     <span class='ocr_line' id='line_1_101' title="bbox 625 5448 2221 5520; baseline -0.007 -4"><span class='ocrx_word' id='word_1_763' title='bbox 625 5461 909 5516; x_wconf 85' lang='lat' dir='ltr'><strong>substantia</strong></span> <span class='ocrx_word' id='word_1_764' title='bbox 950 5448 1063 5513; x_wconf 87' lang='lat' dir='ltr'><strong>mea</strong></span> <span class='ocrx_word' id='word_1_765' title='bbox 1111 5457 1165 5509; x_wconf 89' lang='lat' dir='ltr'><strong>in</strong></span> <span class='ocrx_word' id='word_1_766' title='bbox 1209 5448 1534 5520; x_wconf 68' lang='lat' dir='ltr'><strong>inferioribus</strong></span> <span class='ocrx_word' id='word_1_767' title='bbox 1583 5461 1752 5515; x_wconf 74' lang='lat' dir='ltr'><strong>terrte,</strong></span> <span class='ocrx_word' id='word_1_768' title='bbox 1803 5449 1922 5506; x_wconf 90' lang='lat' dir='ltr'><strong>scil.</strong></span> <span class='ocrx_word' id='word_1_769' title='bbox 1958 5448 2221 5505; x_wconf 87' lang='lat' dir='ltr'><strong>Christum</strong></span> 
     </span>
    </p>
   </div>
   <div class='ocr_carea' id='block_1_102' title="bbox 627 5521 2222 5602">
    <p class='ocr_par' dir='ltr' id='par_1_102' title="bbox 627 5521 2222 5602">
     <span class='ocr_line' id='line_1_102' title="bbox 627 5521 2222 5602; baseline -0.008 -15"><span class='ocrx_word' id='word_1_770' title='bbox 627 5549 735 5587; x_wconf 85' lang='lat' dir='ltr'><strong>esse</strong></span> <span class='ocrx_word' id='word_1_771' title='bbox 759 5533 813 5586; x_wconf 88' lang='lat' dir='ltr'><strong>in</strong></span> <span class='ocrx_word' id='word_1_772' title='bbox 851 5527 1159 5602; x_wconf 83' lang='lat' dir='ltr'><strong>pauperibus</strong></span> <span class='ocrx_word' id='word_1_773' title='bbox 1186 5526 1390 5602; x_wconf 79' lang='lat' dir='ltr'><strong>spiritu,</strong></span> <span class='ocrx_word' id='word_1_774' title='bbox 1418 5524 1472 5576; x_wconf 85' lang='lat' dir='ltr'><strong>in</strong></span> <span class='ocrx_word' id='word_1_775' title='bbox 1495 5521 1945 5602; x_wconf 41' lang='lat' dir='ltr'><strong>tribulatis‘corde,</strong></span> <span class='ocrx_word' id='word_1_776' title='bbox 1973 5522 2027 5602; x_wconf 77' lang='lat' dir='ltr'><strong>in</strong></span> <span class='ocrx_word' id='word_1_777' title='bbox 2051 5523 2222 5602; x_wconf 73' lang='lat' dir='ltr'><strong>humi-</strong></span> 
     </span>
    </p>
   </div>
   <div class='ocr_carea' id='block_1_103' title="bbox 627 5593 2222 5672">
    <p class='ocr_par' dir='ltr' id='par_1_103' title="bbox 627 5593 2222 5672">
     <span class='ocr_line' id='line_1_103' title="bbox 627 5593 2222 5672; baseline -0.006 -15"><span class='ocrx_word' id='word_1_778' title='bbox 627 5603 760 5657; x_wconf 88' lang='lat' dir='ltr'><strong>libus</strong></span> <span class='ocrx_word' id='word_1_779' title='bbox 776 5593 944 5669; x_wconf 70' lang='lat' dir='ltr'><strong>terrm,</strong></span> <span class='ocrx_word' id='word_1_780' title='bbox 957 5593 1018 5654; x_wconf 79' lang='lat' dir='ltr'><strong>in</strong></span> <span class='ocrx_word' id='word_1_781' title='bbox 1037 5594 1602 5672; x_wconf 53' lang='lat' dir='ltr'><strong>purgamentisntundi,</strong></span> <span class='ocrx_word' id='word_1_782' title='bbox 1635 5595 1689 5646; x_wconf 89' lang='lat' dir='ltr'><strong>in</strong></span> <span class='ocrx_word' id='word_1_783' title='bbox 1713 5593 1961 5672; x_wconf 62' lang='lat' dir='ltr'><strong>Ecclesia:</strong></span> <span class='ocrx_word' id='word_1_784' title='bbox 1981 5593 2222 5661; x_wconf 82' lang='lat' dir='ltr'><strong>inﬁrmis.</strong></span> 
     </span>
    </p>
   </div>
   <div class='ocr_carea' id='block_1_104' title="bbox 628 5664 2222 5741">
    <p class='ocr_par' dir='ltr' id='par_1_104' title="bbox 628 5664 2222 5741">
     <span class='ocr_line' id='line_1_104' title="bbox 628 5664 2222 5741; baseline -0.005 -15"><span class='ocrx_word' id='word_1_785' title='bbox 628 5672 908 5741; x_wconf 76' lang='lat' dir='ltr'><strong>lnﬁrmum</strong></span> <span class='ocrx_word' id='word_1_786' title='bbox 930 5664 1079 5728; x_wconf 68' lang='lat' dir='ltr'><strong>enim</strong></span> <span class='ocrx_word' id='word_1_787' title='bbox 1111 5664 1356 5724; x_wconf 80' lang='lat' dir='ltr'><strong>Ecclesia:</strong></span> <span class='ocrx_word' id='word_1_788' title='bbox 1387 5665 1442 5719; x_wconf 90' lang='lat' dir='ltr'><strong>id</strong></span> <span class='ocrx_word' id='word_1_789' title='bbox 1474 5675 1548 5720; x_wconf 90' lang='lat' dir='ltr'><strong>est</strong></span> <span class='ocrx_word' id='word_1_790' title='bbox 1583 5664 1724 5720; x_wconf 89' lang='lat' dir='ltr'><strong>omni</strong></span> <span class='ocrx_word' id='word_1_791' title='bbox 1755 5664 2044 5728; x_wconf 82' lang='lat' dir='ltr'><strong>humilitate</strong></span> <span class='ocrx_word' id='word_1_792' title='bbox 2075 5680 2222 5720; x_wconf 84' lang='lat' dir='ltr'><strong>sunt-</strong></span> 
     </span>
    </p>
   </div>
   <div class='ocr_carea' id='block_1_105' title="bbox 634 5757 860 5796">
    <p class='ocr_par' dir='ltr' id='par_1_105' title="bbox 634 5757 860 5796">
     <span class='ocr_line' id='line_1_105' title="bbox 634 5757 860 5796; baseline 0.004 -3"><span class='ocrx_word' id='word_1_793' title='bbox 634 5757 840 5796; x_wconf 82' lang='lat' dir='ltr'><strong>nussum</strong></span> <span class='ocrx_word' id='word_1_794' title='bbox 849 5783 860 5794; x_wconf 91' lang='lat'><strong>.</strong></span> 
     </span>
    </p>
   </div>
   <div class='ocr_carea' id='block_1_106' title="bbox 2345 4611 3956 4699">
    <p class='ocr_par' dir='ltr' id='par_1_106' title="bbox 2345 4611 3956 4699">
     <span class='ocr_line' id='line_1_106' title="bbox 2345 4611 3956 4699; baseline 0.001 -15"><span class='ocrx_word' id='word_1_795' title='bbox 2345 4631 2418 4684; x_wconf 91' lang='lat' dir='ltr'><strong>tio</strong></span> <span class='ocrx_word' id='word_1_796' title='bbox 2450 4644 2556 4684; x_wconf 92' lang='lat' dir='ltr'><strong>non</strong></span> <span class='ocrx_word' id='word_1_797' title='bbox 2585 4628 2685 4682; x_wconf 89' lang='lat' dir='ltr'><strong>nisi</strong></span> <span class='ocrx_word' id='word_1_798' title='bbox 2717 4625 3070 4682; x_wconf 90' lang='lat' dir='ltr'><strong>commortuis</strong></span> <span class='ocrx_word' id='word_1_799' title='bbox 3099 4625 3150 4679; x_wconf 91' lang='lat' dir='ltr'><strong>in</strong></span> <span class='ocrx_word' id='word_1_800' title='bbox 3175 4625 3426 4697; x_wconf 88' lang='lat' dir='ltr'><strong>baptismi</strong></span> <span class='ocrx_word' id='word_1_801' title='bbox 3450 4611 3787 4699; x_wconf 82' lang='lat' dir='ltr'><strong>professione</strong></span> <span class='ocrx_word' id='word_1_802' title='bbox 3817 4632 3956 4686; x_wconf 87' lang='lat' dir='ltr'><strong>red-</strong></span> 
     </span>
    </p>
   </div>
   <div class='ocr_carea' id='block_1_107' title="bbox 2337 4715 3953 4792">
    <p class='ocr_par' dir='ltr' id='par_1_107' title="bbox 2337 4715 3953 4792">
     <span class='ocr_line' id='line_1_107' title="bbox 2337 4715 3953 4792; baseline 0.002 -17"><span class='ocrx_word' id='word_1_803' title='bbox 2337 4720 2568 4776; x_wconf 88' lang='lat' dir='ltr'><strong>hibetur.</strong></span> <span class='ocrx_word' id='word_1_804' title='bbox 2594 4715 2758 4792; x_wconf 79' lang='lat'><strong>799</strong></span> <span class='ocrx_word' id='word_1_805' title='bbox 2785 4717 2853 4772; x_wconf 86' lang='lat' dir='ltr'><strong>Et</strong></span> <span class='ocrx_word' id='word_1_806' title='bbox 2880 4717 3080 4772; x_wconf 87' lang='lat' dir='ltr'><strong>idcirco</strong></span> <span class='ocrx_word' id='word_1_807' title='bbox 3107 4718 3194 4774; x_wconf 91' lang='lat' dir='ltr'><strong>ubi</strong></span> <span class='ocrx_word' id='word_1_808' title='bbox 3225 4719 3605 4790; x_wconf 70' lang='lat' dir='ltr'><strong>prrcdicabitur</strong></span> <span class='ocrx_word' id='word_1_809' title='bbox 3634 4721 3736 4777; x_wconf 85' lang='lat' dir='ltr'><strong>hoc</strong></span> <span class='ocrx_word' id='word_1_810' title='bbox 3760 4723 3953 4779; x_wconf 82' lang='lat' dir='ltr'><strong>Evan-</strong></span> 
     </span>
    </p>
   </div>
   <div class='ocr_carea' id='block_1_108' title="bbox 2335 4809 3954 4884">
    <p class='ocr_par' dir='ltr' id='par_1_108' title="bbox 2335 4809 3954 4884">
     <span class='ocr_line' id='line_1_108' title="bbox 2335 4809 3954 4884; baseline 0.002 -16"><span class='ocrx_word' id='word_1_811' title='bbox 2335 4814 2558 4884; x_wconf 88' lang='lat' dir='ltr'><strong>gelium,</strong></span> <span class='ocrx_word' id='word_1_812' title='bbox 2593 4809 2898 4866; x_wconf 90' lang='lat' dir='ltr'><strong>narrabitur</strong></span> <span class='ocrx_word' id='word_1_813' title='bbox 2941 4826 3075 4881; x_wconf 90' lang='lat' dir='ltr'><strong>opus</strong></span> <span class='ocrx_word' id='word_1_814' title='bbox 3105 4811 3223 4881; x_wconf 86' lang='lat' dir='ltr'><strong>ejus</strong></span> <span class='ocrx_word' id='word_1_815' title='bbox 3249 4812 3321 4884; x_wconf 66' lang='grc' dir='ltr'><strong>(ᾖ</strong></span> <span class='ocrx_word' id='word_1_816' title='bbox 3349 4813 3438 4882; x_wconf 79' lang='lat' dir='ltr'><strong>f5)</strong></span> <span class='ocrx_word' id='word_1_817' title='bbox 3480 4831 3492 4866; x_wconf 90' lang='lat'><strong>:</strong></span> <span class='ocrx_word' id='word_1_818' title='bbox 3524 4814 3648 4884; x_wconf 87' lang='lat' dir='ltr'><strong>quia</strong></span> <span class='ocrx_word' id='word_1_819' title='bbox 3689 4827 3954 4873; x_wconf 85' lang='lat' dir='ltr'><strong>cessante</strong></span> 
     </span>
    </p>
   </div>
   <div class='ocr_carea' id='block_1_109' title="bbox 2335 4901 3951 4978">
    <p class='ocr_par' dir='ltr' id='par_1_109' title="bbox 2335 4901 3951 4978">
     <span class='ocr_line' id='line_1_109' title="bbox 2335 4901 3951 4978; baseline 0.002 -16"><span class='ocrx_word' id='word_1_820' title='bbox 2335 4906 2522 4973; x_wconf 88' lang='lat' dir='ltr'><strong>Israel,</strong></span> <span class='ocrx_word' id='word_1_821' title='bbox 2552 4902 2828 4974; x_wconf 87' lang='lat' dir='ltr'><strong>Evangelii</strong></span> <span class='ocrx_word' id='word_1_822' title='bbox 2860 4903 3030 4972; x_wconf 86' lang='lat' dir='ltr'><strong>gloria</strong></span> <span class='ocrx_word' id='word_1_823' title='bbox 3055 4901 3160 4960; x_wconf 90' lang='lat' dir='ltr'><strong>ﬁde</strong></span> <span class='ocrx_word' id='word_1_824' title='bbox 3180 4905 3422 4974; x_wconf 81' lang='lat' dir='ltr'><strong>gentium</strong></span> <span class='ocrx_word' id='word_1_825' title='bbox 3449 4905 3799 4976; x_wconf 69' lang='lat' dir='ltr'><strong>praedicatur.</strong></span> <span class='ocrx_word' id='word_1_826' title='bbox 3823 4909 3951 4978; x_wconf 82' lang='lat' dir='ltr'><strong>Qua</strong></span> 
     </span>
    </p>
   </div>
   <div class='ocr_carea' id='block_1_110' title="bbox 2403 5085 3942 5163">
    <p class='ocr_par' dir='ltr' id='par_1_110' title="bbox 2403 5085 3942 5163">
     <span class='ocr_line' id='line_1_110' title="bbox 2403 5085 3942 5163; baseline 0.003 -17"><span class='ocrx_word' id='word_1_827' title='bbox 2403 5092 2479 5163; x_wconf 88' lang='lat' dir='ltr'><strong>(b)</strong></span> <span class='ocrx_word' id='word_1_828' title='bbox 2507 5085 2849 5163; x_wconf 12' lang='lat' dir='ltr'><strong>Solageditio</strong></span> <span class='ocrx_word' id='word_1_829' title='bbox 2884 5087 3368 5163; x_wconf 65' lang='lat' dir='ltr'><strong>Par._huniilitatis.</strong></span> <span class='ocrx_word' id='word_1_830' title='bbox 3406 5089 3695 5148; x_wconf 89' lang='lat' dir='ltr'><strong>Bcccensis</strong></span> <span class='ocrx_word' id='word_1_831' title='bbox 3734 5094 3942 5163; x_wconf 80' lang='lat' dir='ltr'><strong>codex,</strong></span> 
     </span>
    </p>
   </div>
   <div class='ocr_carea' id='block_1_111' title="bbox 2328 5158 3446 5223">
    <p class='ocr_par' dir='ltr' id='par_1_111' title="bbox 2328 5158 3446 5223">
     <span class='ocr_line' id='line_1_111' title="bbox 2328 5158 3446 5223; baseline -0.006 -2"><span class='ocrx_word' id='word_1_832' title='bbox 2328 5158 2701 5221; x_wconf 82' lang='lat' dir='ltr'><strong>unanimitatis.</strong></span> <span class='ocrx_word' id='word_1_833' title='bbox 2736 5159 2920 5214; x_wconf 83' lang='lat' dir='ltr'><strong>Melius</strong></span> <span class='ocrx_word' id='word_1_834' title='bbox 2941 5158 3056 5223; x_wconf 87' lang='lat' dir='ltr'><strong>alii,</strong></span> <span class='ocrx_word' id='word_1_835' title='bbox 3091 5161 3446 5216; x_wconf 86' lang='lat' dir='ltr'><strong>humanitatis.</strong></span> 
     </span>
    </p>
   </div>
   <div class='ocr_carea' id='block_1_112' title="bbox 2402 5229 3642 5360">
    <p class='ocr_par' dir='ltr' id='par_1_112' title="bbox 2402 5229 3642 5360">
     <span class='ocr_line' id='line_1_112' title="bbox 2402 5229 3642 5360; baseline 0 -72"><span class='ocrx_word' id='word_1_836' title='bbox 2402 5234 2474 5360; x_wconf 53' lang='grc' dir='ltr'><strong>(ἵ)</strong></span> <span class='ocrx_word' id='word_1_837' title='bbox 2507 5231 2670 5297; x_wconf 85' lang='lat' dir='ltr'><strong>Editi,</strong></span> <span class='ocrx_word' id='word_1_838' title='bbox 2692 5229 2862 5318; x_wconf 65' lang='lat' dir='ltr'><strong>plebes</strong></span> <span class='ocrx_word' id='word_1_839' title='bbox 2887 5242 2959 5286; x_wconf 87' lang='lat' dir='ltr'><strong>est</strong></span> <span class='ocrx_word' id='word_1_840' title='bbox 2986 5246 3006 5285; x_wconf 92' lang='lat'><strong><em>:</em></strong></span> <span class='ocrx_word' id='word_1_841' title='bbox 3035 5232 3394 5314; x_wconf 78' lang='lat' dir='ltr'><strong>emcndantur</strong></span> <span class='ocrx_word' id='word_1_842' title='bbox 3418 5250 3483 5288; x_wconf 87' lang='lat' dir='ltr'><strong>ex</strong></span> <span class='ocrx_word' id='word_1_843' title='bbox 3511 5248 3642 5312; x_wconf 80' lang='lat' dir='ltr'><strong>mss.</strong></span> 
     </span>
     <span class='ocr_line' id='line_1_113' title="bbox 2409 5301 3642 5360; baseline 0 0"><span class='ocrx_word' id='word_1_844' title='bbox 2409 5308 2428 5360; x_wconf 91' lang='lat'><em>(</em></span> <span class='ocrx_word' id='word_1_845' title='bbox 2471 5305 2489 5360; x_wconf 78' lang='lat' dir='ltr'><strong>l</strong></span> <span class='ocrx_word' id='word_1_846' title='bbox 2523 5303 2652 5358; x_wconf 87' lang='lat' dir='ltr'><strong>Mss.</strong></span> <span class='ocrx_word' id='word_1_847' title='bbox 2693 5303 2855 5357; x_wconf 75' lang='lat' dir='ltr'><strong>Lara.</strong></span> <span class='ocrx_word' id='word_1_848' title='bbox 2900 5311 2956 5356; x_wconf 91' lang='lat' dir='ltr'><strong>et</strong></span> <span class='ocrx_word' id='word_1_849' title='bbox 2980 5301 3136 5358; x_wconf 87' lang='lat' dir='ltr'><strong>Colb.</strong></span> <span class='ocrx_word' id='word_1_850' title='bbox 3169 5320 3223 5356; x_wconf 78' lang='lat' dir='ltr'><strong>in</strong></span> <span class='ocrx_word' id='word_1_851' title='bbox 3261 5314 3594 5360; x_wconf 83' lang='lat' dir='ltr'><strong>unauentttm.</strong></span> <span class='ocrx_word' id='word_1_852' title='bbox 3640 5357 3642 5360; x_wconf 9' lang='grc' dir='ltr'><strong>ι</strong></span> 
     </span>
    </p>
   </div>
   <div class='ocr_carea' id='block_1_113' title="bbox 2409 5301 3944 5378">
    <p class='ocr_par' dir='ltr' id='par_1_113' title="bbox 2409 5301 3944 5378">
     <span class='ocr_line' id='line_1_114' title="bbox 2409 5301 3944 5378; baseline 0.003 -18"><span class='ocrx_word' id='word_1_853' title='bbox 2409 5301 2489 5378; x_wconf 85' lang='lat' dir='ltr'><strong>(d)</strong></span> <span class='ocrx_word' id='word_1_854' title='bbox 2523 5303 2652 5358; x_wconf 87' lang='lat' dir='ltr'><strong>Mss.</strong></span> <span class='ocrx_word' id='word_1_855' title='bbox 2693 5301 2855 5357; x_wconf 84' lang='lat' dir='ltr'><strong>Carn.</strong></span> <span class='ocrx_word' id='word_1_856' title='bbox 2900 5311 2956 5356; x_wconf 91' lang='lat' dir='ltr'><strong>et</strong></span> <span class='ocrx_word' id='word_1_857' title='bbox 2980 5301 3136 5358; x_wconf 88' lang='lat' dir='ltr'><strong>Colb.</strong></span> <span class='ocrx_word' id='word_1_858' title='bbox 3169 5303 3223 5356; x_wconf 88' lang='lat' dir='ltr'><strong>in</strong></span> <span class='ocrx_word' id='word_1_859' title='bbox 3261 5314 3594 5374; x_wconf 87' lang='lat' dir='ltr'><strong>unguentum.</strong></span> <span class='ocrx_word' id='word_1_860' title='bbox 3640 5305 3827 5377; x_wconf 84' lang='lat' dir='ltr'><strong>Forte,</strong></span> <span class='ocrx_word' id='word_1_861' title='bbox 3883 5311 3944 5364; x_wconf 78' lang='lat' dir='ltr'><strong>in</strong></span> 
     </span>
    </p>
   </div>
   <div class='ocr_carea' id='block_1_114' title="bbox 2327 5387 2604 5434">
    <p class='ocr_par' dir='ltr' id='par_1_114' title="bbox 2327 5387 2604 5434">
     <span class='ocr_line' id='line_1_115' title="bbox 2327 5387 2604 5434; baseline -0.022 0"><span class='ocrx_word' id='word_1_862' title='bbox 2327 5387 2584 5434; x_wconf 75' lang='lat' dir='ltr'><strong>unguento</strong></span> <span class='ocrx_word' id='word_1_863' title='bbox 2593 5415 2604 5428; x_wconf 87' lang='lat'><strong>.</strong></span> 
     </span>
    </p>
   </div>
   <div class='ocr_carea' id='block_1_115' title="bbox 2397 5399 3946 5521">
    <p class='ocr_par' dir='ltr' id='par_1_115' title="bbox 2397 5399 3946 5521">
     <span class='ocr_line' id='line_1_116' title="bbox 2397 5399 3946 5521; baseline 0.003 -19"><span class='ocrx_word' id='word_1_864' title='bbox 2397 5399 2824 5521; x_wconf 57' lang='grc' dir='ltr'><strong>ξ’έῗῗιῖυριυτψυε</strong></span> <span class='ocrx_word' id='word_1_865' title='bbox 2860 5459 2990 5521; x_wconf 75' lang='lat' dir='ltr'><strong>mss.</strong></span> <span class='ocrx_word' id='word_1_866' title='bbox 3023 5443 3110 5500; x_wconf 87' lang='lat' dir='ltr'><strong>hic</strong></span> <span class='ocrx_word' id='word_1_867' title='bbox 3135 5445 3383 5521; x_wconf 80' lang='lat' dir='ltr'><strong>adjicitur</strong></span> <span class='ocrx_word' id='word_1_868' title='bbox 3407 5447 3607 5503; x_wconf 85' lang='lat' dir='ltr'><strong>dicunt.</strong></span> <span class='ocrx_word' id='word_1_869' title='bbox 3638 5448 3827 5506; x_wconf 86' lang='lat' dir='ltr'><strong>Potius</strong></span> <span class='ocrx_word' id='word_1_870' title='bbox 3853 5453 3946 5508; x_wconf 88' lang='lat' dir='ltr'><strong>in-</strong></span> 
     </span>
    </p>
   </div>
   <div class='ocr_carea' id='block_1_116' title="bbox 2335 5515 3360 5588">
    <p class='ocr_par' dir='ltr' id='par_1_116' title="bbox 2335 5515 3360 5588">
     <span class='ocr_line' id='line_1_117' title="bbox 2335 5515 3360 5588; baseline -0.003 -13"><span class='ocrx_word' id='word_1_871' title='bbox 2335 5515 2592 5588; x_wconf 76' lang='lat' dir='ltr'><strong>telligitur</strong></span> <span class='ocrx_word' id='word_1_872' title='bbox 2623 5517 2839 5570; x_wconf 91' lang='lat' dir='ltr'><strong>tacitum</strong></span> <span class='ocrx_word' id='word_1_873' title='bbox 2871 5515 3091 5571; x_wconf 89' lang='lat' dir='ltr'><strong>verbum</strong></span> <span class='ocrx_word' id='word_1_874' title='bbox 3121 5517 3360 5572; x_wconf 83' lang='lat' dir='ltr'><strong>dicentes.</strong></span> 
     </span>
    </p>
   </div>
   <div class='ocr_carea' id='block_1_117' title="bbox 2407 5587 3945 5672">
    <p class='ocr_par' dir='ltr' id='par_1_117' title="bbox 2407 5587 3945 5672">
     <span class='ocr_line' id='line_1_118' title="bbox 2407 5587 3945 5672; baseline 0.005 -30"><span class='ocrx_word' id='word_1_875' title='bbox 2511 5588 2566 5672; x_wconf 77' lang='lat' dir='ltr'><strong>In</strong></span> <span class='ocrx_word' id='word_1_876' title='bbox 2593 5602 2725 5672; x_wconf 70' lang='lat' dir='ltr'><strong>mss.</strong></span> <span class='ocrx_word' id='word_1_877' title='bbox 2747 5597 3065 5672; x_wconf 73' lang='lat' dir='ltr'><strong>nuncupant,</strong></span> <span class='ocrx_word' id='word_1_878' title='bbox 3089 5587 3621 5672; x_wconf 50' lang='lat' dir='ltr'><strong>velutuncupaverint.</strong></span> <span class='ocrx_word' id='word_1_879' title='bbox 3645 5587 3781 5648; x_wconf 83' lang='lat' dir='ltr'><strong>Tum</strong></span> <span class='ocrx_word' id='word_1_880' title='bbox 3806 5604 3945 5672; x_wconf 73' lang='lat' dir='ltr'><strong>post</strong></span> 
     </span>
    </p>
   </div>
   <div class='ocr_carea' id='block_1_118' title="bbox 2333 5658 3943 5787">
    <p class='ocr_par' dir='ltr' id='par_1_118' title="bbox 2333 5658 3943 5787">
     <span class='ocr_line' id='line_1_119' title="bbox 2333 5658 3943 5787; baseline 0.004 -71"><span class='ocrx_word' id='word_1_881' title='bbox 2333 5658 2648 5787; x_wconf 55' lang='lat' dir='ltr'><strong>particulam</strong></span> <span class='ocrx_word' id='word_1_882' title='bbox 2670 5668 2839 5730; x_wconf 87' lang='lat' dir='ltr'><strong>atque,</strong></span> <span class='ocrx_word' id='word_1_883' title='bbox 2861 5658 3053 5729; x_wconf 89' lang='lat' dir='ltr'><strong>supple</strong></span> <span class='ocrx_word' id='word_1_884' title='bbox 3075 5659 3302 5716; x_wconf 89' lang='lat' dir='ltr'><strong>verbum</strong></span> <span class='ocrx_word' id='word_1_885' title='bbox 3329 5661 3664 5730; x_wconf 85' lang='lat' dir='ltr'><strong>obtestantur,</strong></span> <span class='ocrx_word' id='word_1_886' title='bbox 3685 5673 3780 5720; x_wconf 87' lang='lat' dir='ltr'><strong>aut</strong></span> <span class='ocrx_word' id='word_1_887' title='bbox 3796 5658 3943 5736; x_wconf 76' lang='lat' dir='ltr'><strong>quid</strong></span> 
     </span>
     <span class='ocr_line' id='line_1_120' title="bbox 2333 5747 2524 5787; baseline -0.005 0"><span class='ocrx_word' id='word_1_888' title='bbox 2333 5747 2452 5787; x_wconf 88' lang='lat' dir='ltr'><strong>sum</strong></span> <span class='ocrx_word' id='word_1_889' title='bbox 2475 5747 2524 5787; x_wconf 91' lang='lat' dir='ltr'><strong>e.</strong></span> 
     </span>
    </p>
   </div>
   <div class='ocr_carea' id='block_1_119' title="bbox 2328 5747 2524 5788">
    <p class='ocr_par' dir='ltr' id='par_1_119' title="bbox 2328 5747 2524 5788">
     <span class='ocr_line' id='line_1_121' title="bbox 2328 5747 2524 5788; baseline -0.005 0"><span class='ocrx_word' id='word_1_890' title='bbox 2328 5747 2524 5788; x_wconf 78' lang='lat' dir='ltr'><strong>Simile.</strong></span> 
     </span>
    </p>
   </div>
  </div>
