4222 6262
336 278 360 337 1
372 275 476 339 065

1314 256 1872 325 COMMENTARIUS
1908 256 1974 320 [Ν
2012 252 2275 317 ΜΑΤΤΗ.
2315 254 2469 314 CAP.
2512 255 2707 315 XXXI.

3496 255 3637 317 i066

334 368 676 426 aemulatione
696 367 749 423 in
770 365 923 424 Judm
945 375 1172 438 persona
1200 362 1359 420 Israel
1381 362 1636 434 profanus
1655 376 1936 426 accensus,
1974 362 2015 424 Α
2047 379 2157 445 me,
2188 393 2350 451 quam
2379 377 2562 434 campi
2584 391 2654 433 ne
2680 377 2870 433 ιῃοι-ιεε
2893 372 3114 446 quidem
3139 379 3287 431 metu
3310 372 3631 432 decessum;

335 463 481 519 omni
503 463 629 518 odio
651 462 719 517 ad
734 458 1177 533 exstinguendum
1201 474 1396 515 nomen
1421 456 1631 513 Domini
1658 457 1931 513 incitatur.

915 548 1143 607 CAPUT
1179 546 1350 605 XXX.

340 644 423 702 De
445 645 530 700 die
558 644 726 718 prima
753 659 1074 717 azymorum,
1101 644 1154 698 in
1191 658 1293 715 qua
1331 648 1656 699 accesserunt
1697 636 1940 711 discipuli

412 736 483 793 ad
518 734 719 803 Iesum,
748 736 1011 793 dicentes:
1037 732 1138 793 Ubi
1182 736 1265 792 vis
1297 749 1549 808 paremus
1603 732 1700 791 tibi
1754 745 1941 789 come-

414 830 544 887 dere
568 828 805 901 pascha?

419 924 472 979 i.
503 920 855 980 Christianum
886 940 1072 980 nomen
1117 925 1322 996 quando
1360 923 1632 981 indultum.
1656 950 1729 964 —
1757 917 1941 975 Prima

347 1026 514 1072 autem
546 1014 622 1090 (a)
659 1017 742 1072 die
780 1030 1090 1090 azymorum
1114 1028 1440 1075 accesserunt
1480 1015 1723 1087 discipuli
1757 1012 1827 1070 ad
1854 1011 1945 1069 Je-

347 1124 480 1176 sum,
500 1109 764 1164 dicentes:
791 1106 892 1165 Ubi
910 1110 985 1165 vis
1006 1124 1244 1181 paremus
1270 1111 1360 1165 tibi
1385 1112 1577 1183 pascha
1596 1108 1907 1164 manducare
1922 1108 1949 1164 .’

347 1206 407 1257 et
436 1201 639 1273 reliqua
668 1196 882 1273 (Matth.
915 1215 1061 1268 xsvr,
1096 1202 1207 1276 17).
1246 1200 1504 1273 Discipuli
1545 1200 1624 1258 ire
1664 1199 1729 1256 ad
1759 1216 1949 1272 quem-

351 1292 475 1350 dam
514 1292 789 1351 hominem
830 1292 1109 1365 iubentur.
1142 1303 1197 1352 et
1234 1297 1283 1352 ei
1315 1295 1495 1352 dict-re
1534 1292 1676 1366 quod
1717 1311 1839 1349 cum
1882 1309 1950 1350 eo

358 1384 616 1441 Dominus
664 1388 863 1457 pascha
903 1398 1024 1441 cum
1073 1385 1350 1457 discipulis
1397 1385 1575 1443 facere
1622 1385 1806 1443 vellet.
1849 1385 1952 1455 Qui

356 1483 641 1549 praeceptis
684 1476 1238 1550 obtemperaverunt,
1281 1489 1337 1537 et
1382 1479 1581 1552 pascha
1629 1490 1955 1551 paraverunt

2042 488 2103 530 se
2131 473 2199 531 de
2224 471 2566 529 confessione
2606 468 2841 526 nominis
2866 466 2961 523 ’sui
3004 466 3329 539 pollicentur
3368 465 3480 521 :sd
3521 481 3639 521 ont-

2044 580 2169 621 nem
2201 564 2343 619 enim
2386 577 2446 619 se
2478 560 2763 617 ministerii
2795 559 3179 627 constantiam,
3210 555 3476 630 intrepida
3506 550 3654 615 ﬁdei'

2045 656 2322 713 voluntate
2340 655 2714 710 ﬁrmaverant.
2820 724 2825 725 ν
2992 718 3003 725 _

2615 728 2843 787 CAPUT
2882 728 3075 786 XXXI.

2046 811 2174 869 Cum
2194 812 2324 869 venit
2351 810 2503 869 Iesus
2526 811 2580 866 in
2600 827 2780 883 agrum
2801 810 2887 882 qui
2909 807 3097 863 dicitur
3118 800 3465 873 Getltsemani,
3496 814 3542 862 et
3564 804 3645 861 di-

2121 907 2189 962 cit
2219 906 2488 977 discipulis
2523 904 2631 959 suis
2651 946 2667 971 ,
2699 902 2899 959 Sedete
2926 900 3099 958 donec
3137 917 3254 958 eam
3287 900 3414 956 illuc
3441 914 3599 956 orare
3621 942 3639 969 ,

2122 1008 2171 1056 et
2196 995 2261 1055 de
2288 997 2423 1055 tristi
2456 997 2631 1053 anima
2658 1013 2753 1050 sua
2782 1010 2941 1065 usque
2965 993 3034 1049 ad
3060 1004 3293 1061 mortem,
3320 986 3384 1053 de
3413 988 3572 1048 calice
3599 991 3650 1047 si

2122 1090 2363 1163 possibile
2410 1100 2482 1147 est
2526 1088 2747 1145 transire
2794 1105 2826 1143 α
2852 1105 2935 1154 se,
2995 1087 3058 1142 de
3088 1087 3273 1161 spiritu
3322 1096 3559 1159 prompto
3600 1094 3650 1142 et

2124 1200 2279 1242 carne
2310 1185 2561 1258 inﬁrma;
2613 1194 2661 1239 et
2707 1199 2946 1249 rursum,
2979 1178 3159 1247 Pater,
3191 1197 3298 1237 non
3342 1190 3519 1252 potest
3561 1179 3652 1236 hic
3726 1173 3733 1177 ’

2126 1278 2263 1335 calix
2294 1279 2522 1334 transire
2564 1274 2668 1331 nisi
2698 1270 2847 1332 illum
2874 1268 3097 1330 bibam?
3132 1272 3223 1329 liat
3252 1273 3503 1330 voluntas
3539 1283 3650 1327 tua.

2128 1393 2183 1448 1.
2220 1391 2368 1447 Tunc
2399 1391 2533 1447 venit
2558 1406 2674 1445 cum
2703 1389 2808 1444 illis
2849 1386 3005 1443 Jesus
3033 1388 3085 1441 in
3109 1403 3293 1459 agrum
3312 1428 3324 1449 ,
3349 1386 3438 1456 qui
3465 1384 3655 1439 dicitur

2057 1483 2414 1548 Gethscmani,
2456 1494 2503 1539 et
2532 1483 2654 1537 dicit
2697 1478 2963 1551 discipulis
3005 1482 3112 1534 suis
3137 1520 3152 1545 ,
3202 1479 3389 1535 Sedete
3432 1477 3519 1532 hic
3558 1478 3653 1533 do-

357 1568 432 1641 (y
457 1569 568 1644 t9).
603 1568 712 1626 Sed
745 1580 1053 1641 oportuerat
1091 1584 1185 1628 eos
1225 1570 1371 1628 scire
1406 1582 1513 1642 quo
1551 1579 1867 1643 pergerent,
1901 1581 1956 1628 et

2077 1593 2148 1632 nec
2173 1593 2286 1633 eam
2314 1576 2436 1630 illuc
2458 1591 2626 1643 orare,
2656 1584 2710 1630 et
2732 1571 2938 1643 reliqua
2969 1571 3185 1642 (Matth.
3221 1586 3349 1626 xxvt
3371 1610 3388 1637 ,
3421 1569 3535 1641 56).
3567 1567 3654 1624 Fi-

357 1661 426 1717 de
454 1661 688 1720 hominis
711 1665 930 1721 nomine
949 1662 1185 1721 edoceri.
1211 1660 1465 1737 Alioquin
1489 1663 1681 1721 incerti
1703 1660 1769 1720 ad
1793 1680 1953 1734 quem
2059 1669 2185 1727 dem
2229 1668 2616 1739 discipulorum
2639 1707 2657 1735 ,
2688 1674 2743 1722 et
2783 1663 3140 1721 constantiam
3180 1662 3391 1718 devotae
3418 1662 3522 1718 sibi
3563 1677 3658 1717 vo-

361 1752 728 1822 mitterentur,
772 1755 1044 1826 quornodo
1086 1756 1237 1811 missi
1266 1768 1387 1827 quae
1420 1760 1689 1827 pracepta
1719 1754 1951 1825 fuerant,
1985 1754 2034 1815 B
2062 1759 2281 1815 luntatis
2332 1738 2648 1830 acceperat:
2694 1756 2788 1812 sed
2842 1767 2899 1812 et
2946 1754 3237 1811 turbandus
3285 1764 3342 1810 et
3381 1754 3657 1809 diillsuros
3720 1738 3727 1742 ’

359 1846 834 1916 exsequerentur?
880 1846 1085 1905 Verum
1143 1860 1326 1903 sermo
1378 1847 1674 1919 prOphetitc
1699 1891 1714 1916 ,
1774 1866 1956 1905 rerum

359 1939 715 2007 presentium
756 1937 1039 1995 efectibus
1080 1938 1427 1995 admiscetur.
1465 1938 1749 1995 Hominem
1790 1941 1956 2007 enim,

358 2041 483 2084 eum
508 2043 618 2099 quo
667 2031 867 2099 pascha
905 2030 1275 2087 celebratum
1321 2033 1503 2099 esset,
1545 2045 1652 2087 non
1695 2032 1956 2088 nominat.

362 2120 613 2175 Nondum
646 2121 787 2175 enim
818 2119 1108 2176 Christiani
1140 2122 1375 2178 nominis
1405 2123 1581 2179 honor
1617 2120 1961 2179 credentibus

360 2219 487 2268 erat
517 2214 811 2283 praestitus,
847 2212 941 2284 qui
981 2229 1108 2270 vere
1143 2221 1269 2270 sunt
1298 2212 1465 2271 Deum
1506 2217 1705 2271 mentis
1744 2230 1806 2272 ac
1835 2214 1960 2272 ﬁdei

361 2304 541 2360 oculis
565 2315 891 2361 contuentes
923 2322 937 2357 :
966 2314 1023 2361 ut
1061 2319 1185 2360 cum
1211 2320 1277 2360 eo
1316 2304 1515 2376 pascha
1550 2302 1763 2361 Domini
1813 2308 1961 2378 Apo-

368 2399 542 2455 stolus
568 2412 879 2471 prapsrsre
924 2399 1209 2467 sciremus,
1240 2400 1323 2455 cui
1366 2400 1420 2455 in
1468 2409 1709 2470 tempore
1751 2399 1964 2456 Domini

370 2504 571 2547 novum
599 2504 799 2547 nomen
827 2498 971 2548 esset
995 2491 1325 2547 addendum.

433 2584 489 2640 3.
520 2586 689 2642 ludas
722 2602 911 2660 corpus
952 2584 1145 2641 Christi
1180 2602 1282 2642 non
1324 2586 1561 2660 sumpsit.
1591 2616 1665 2629 -
1693 2585 1821 2642 Post
1844 2598 1967 2657 qua:

367 2677 530 2734 Judas
559 2678 801 2749 proditor
831 2678 1117 2745 indicatur,
1155 2677 1231 2751 (b)
1254 2677 1374 2736 sine
1395 2693 1500 2749 quo
1525 2678 1720 2750 pascha
1743 2688 1968 2750 accepto

366 2770 541 2827 calice
562 2782 615 2827 et
638 2768 811 2826 fracto
835 2784 972 2841 pane
1000 2770 1322 2826 conﬁcitur:
1350 2771 1541 2843 dignus
1564 2771 1709 2827 enim
1738 2780 1969 2827 aeterno-

368 2877 491 2919 rum
523 2873 985 2920 sacramentorum
1026 2865 1407 2922 communione
1448 2878 1553 2921 non
1598 2865 1792 2922 fuerat.
1832 2866 1966 2921 Nam

364 2956 686 3013 discessisse
714 2958 896 3013 statim
938 2957 1063 3014 hinc
1092 2957 1430 3031 intelligitur,
1462 2957 1605 3030 quod
1638 2973 1763 3015 cum
1796 2957 1969 3015 turbis

369 3062 626 3106 reversus
648 3049 976 3105 ostenditur.
1005 3050 1192 3122 Neque
1220 3066 1351 3107 sane
1375 3052 1562 3109 bibere
1593 3067 1715 3108 cum
1742 3053 1970 3108 Domino

2059 1852 2285 1909 sciebat.
2315 1850 2462 1920 Quos
2492 1848 2777 1906 considere
2806 1849 2860 1903 in
2890 1848 3008 1901 loco
3047 1846 3234 1916 jubet,
3279 1846 3406 1901 dum
3436 1860 3657 1916 progre-

2061 1943 2280 1999 deretur
2317 1957 2495 1998 orare.
2547 1941 2615 1996 Et
2660 1939 2959 2012 assumpsit
2998 1938 3246 2007 Petrum,
3296 1936 3554 1994 Jacobum
3606 1945 3664 1994 et

2061 2034 2326 2091 Joannem
2369 2032 2616 2090 Zebedtei
2664 2031 2829 2088 ﬁlios.
2869 2032 3075 2098 Quibus
3118 2033 3441 2101 assumptis,
3493 2029 3662 2089 tristis

2064 2143 2187 2184 esse
2212 2133 2547 2196 mmstusque
2575 2128 2741 2197 cmpit
2769 2141 2784 2179 :
2814 2132 2869 2179 et
2908 2123 2985 2177 ait
3010 2123 3220 2178 tristem
3246 2124 3479 2177 animam
3510 2137 3665 2178 suam

2065 2235 2238 2292 usque
2272 2218 2339 2273 ad
2366 2226 2594 2273 mortem
2622 2230 2745 2272 esse
2769 2219 2788 2287 (
2809 2215 2844 2286 ᾖ
2891 2215 2983 2281 57,
3012 2214 3137 2287 58).

2136 2304 2192 2366 2.
2224 2309 2495 2365 Divinitati
2516 2306 2709 2363 Christi
2725 2306 3011 2374 tristitiam,
3039 2316 3251 2374 metum,
3276 2314 3407 2373 etc.,
3436 2305 3665 2361 tribuen-

2068 2404 2195 2460 tium
2233 2404 2411 2474 opinio
2439 2404 2756 2472 confutatur.
2802 2432 2874 2442 —
2898 2400 3219 2472 Aliquorum
3262 2399 3337 2474 (ο)
3378 2416 3442 2457 ea
3480 2400 3665 2473 opinio

2068 2508 2173 2565 est,
2197 2497 2340 2569 quod
2371 2490 2567 2553 cadere
2594 2504 2816 2567 propter
2849 2509 2909 2550 se
2933 2493 3246 2550 mmstitudo
3284 2495 3342 2550 in
3368 2494 3536 2551 Deum
3566 2511 3666 2567 po-

2069 2591 2252 2655 tuerit,
2274 2602 2505 2661 eumque
2535 2588 2723 2644 futuras
2752 2586 3017 2657 passionis
3046 2594 3220 2641 metus
3245 2585 3466 2657 fregerit
3499 2604 3513 2642 :
3542 2587 3669 2659 quia

2070 2682 2287 2750 dixerit,
2310 2680 2496 2737 Tristis
2525 2689 2599 2737 est
2628 2681 2803 2736 anima
2823 2696 2934 2735 mea
2953 2696 3113 2752 usque
3131 2678 3200 2734 ad
3218 2680 3462 2754 mortem(
3481 2682 3515 2752 ᾖ
3535 2681 3626 2753 58)
3647 2700 3666 2749 ;

2070 2783 2126 2831 et
2171 2773 2300 2830 illud
2325 2814 2341 2841 ,
2392 2773 2548 2829 Pater
2571 2814 2588 2842 ,
2619 2773 2665 2827 si
2704 2772 2943 2843 possibile
2970 2782 3065 2839 est,
3088 2780 3313 2829 transeat
3356 2790 3388 2829 α
3416 2791 3496 2829 me
3526 2775 3665 2829 catis:

2072 2868 2169 2923 iste
2202 2867 2277 2940 (Ῡ
2330 2865 2423 2940 59)
2454 2882 2470 2932 ;
2502 2874 2557 2921 et
2587 2881 2827 2931 rursum,
2880 2865 3109 2934 Spiritus
3159 2867 3365 2937 quidem
3392 2876 3666 2940 promptus

2073 2969 2168 3025 est,
2196 2975 2316 3015 caro
2335 2964 2504 3013 autem
2526 2957 2734 3026 inﬁrma
2756 2957 2775 3029 (
2792 2956 2830 3027 ᾖ
2875 2956 2969 3028 41)
2996 2973 3011 3024 ;
3036 2966 3092 3012 et
3124 2956 3204 3031 (ά)
3246 2958 3313 3012 ad
3339 2967 3673 3029 postremum

2073 3050 2159 3107 bis
2188 3050 2418 3120 idipsum
2442 3091 2458 3115 ,
2510 3042 2691 3114 Pater,
2723 3049 2766 3103 si
2795 3065 2899 3103 non
2923 3056 3085 3119 potest
3112 3047 3200 3103 hic
3235 3050 3376 3106 colite
3420 3054 3671 3116 transire.

368 3150 601 3213 poterat,
634 3143 727 3213 qui
755 3154 863 3197 non
893 3150 1012 3197 erat
1057 3143 1322 3199 bibiturus
1352 3142 1404 3199 in
1453 3159 1623 3216 regno
1655 3162 1668 3199 :
1696 3161 1818 3201 cum
1850 3146 1970 3200 uni—
1996 3137 2042 3201 C
2076 3143 2178 3199 nisi
2205 3143 2355 3198 illum
2369 3143 2556 3211 bibam,
2582 3144 2676 3212 {sat
2695 3141 2929 3198 voluntas
2942 3142 3113 3214 tua”
3160 3142 3275 3215 42).
3310 3144 3508 3201 Volunt
3526 3146 3673 3203 enim

369 3248 581 3311 versos,
610 3243 739 3289 tunc
760 3234 1015 3317 bibentes
1038 3250 1103 3292 es
1132 3236 1254 3291 vitis
1283 3236 1440 3292 istius
1470 3236 1650 3293 fructu
1670 3280 1684 3304 ,
1709 3237 1974 3294 bihituros

369 3340 563 3383 seen»
580 3328 765 3397 postea
789 3327 1166 3401 polliceretur(
1185 3327 1219 3399 ᾗ
1240 3328 1359 3401 29).
1405 3327 1710 3401 Hymnoque
1736 3330 1892 3397 dicto,
1921 3328 1975 3384 in

373 3428 595 3475 montem
622 3420 811 3474 reversi
837 3408 991 3492 senti
1012 3419 1047 3490 γ
1066 3420 1181 3493 50).
1202 3422 1601 3477 Consummatis
1618 3422 1827 3478 scilicet
1855 3421 1976 3477 uni-

377 3512 547 3567 versis
558 3511 862 3567 divinorum
884 3514 1263 3585 mysteriorum
1286 3512 1590 3579 virtutibus,
1608 3510 1976 3585 gaudioetex-

377 3602 667 3659 sanatione
686 3605 959 3659 βοωπιιηί
993 3604 1048 3659 in
1074 3604 1351 3661 caelestem
1382 3604 1608 3675 gloriam
1654 3604 1972 3662 efferuntur.

449 3695 504 3749 ὅ.
541 3691 687 3749 Puri
732 3694 793 3749 in
832 3694 1089 3755 Christum
1132 3694 1365 3765 alemus.
1403 3694 1717 3753 —-Futurte
1759 3712 1976 3768 quoque

378 3798 475 3841 ests
524 3785 857 3843 infirmitatis
899 3788 1198 3852 admonuit,
1251 3795 1307 3842 et
1353 3794 1511 3842 nocte
1560 3787 1747 3843 eadem
1787 3800 1978 3843 omnes

379 3888 531 3934 metu
564 3888 726 3951 atque
754 3878 1066 3935 inlideiitate
1103 3877 1404 3933 turbandas
1433 3877 1646 3951 (’31).
1693 3877 1861 3947 Cujus
1898 3878 1978 3933 rei

380 3971 518 4029 fides
549 3974 723 4029 etiam
744 3970 1069 4028 aectorimte
1099 3971 1402 4043 prophetiae
1428 3974 1627 4028 veteris
1659 3972 1975 4029 contineba-

383 4070 491 4128 tur,
536 4074 795 4134 percusso
833 4072 1051 4134 pastore
1094 4076 1225 4119 oves
1263 4074 1386 4118 esse
1423 4062 1754 4135 spargendus
1792 4062 1976 4136 (Zach.

384 4170 506 4223 ms,
536 4155 604 4227 7)
632 4169 647 4209 :
674 4166 738 4210 se
762 4164 941 4210 tamen
971 4162 1345 4226 resurgentem
1365 4155 1418 4209 in
1443 4152 1718 4211 Galilmam
1743 4168 1977 4226 prmces~

380 4259 578 4303 susum
599 4260 745 4311 esse,
779 4256 841 4301 nt
871 4246 1241 4301 inﬁrmitatem
1285 4258 1475 4302 eorum
1517 4244 1811 4319 sponsione
1839 4245 1982 4302 redi-

386 4346 475 4393 tus
510 4338 595 4393 sui
627 4337 1001 4394 consultaretur
1039 4335 1255 4409 (Matth.
1293 4350 1448 4404 uvr,
1477 4336 1597 4411 ‘53).
1639 4338 1747 4395 Sed
1788 4338 1981 4395 Petrus

2078 3251 2145 3292 ex
2178 3233 2488 3297 inﬁrmitate
2514 3233 2758 3305 corporis
2784 3249 3079 3289 aerumnam
3110 3235 3329 3304 Spiritui
3356 3236 3670 3293 adhterere:

2078 3343 2143 3383 ac
2171 3327 2216 3382 si
2245 3327 2495 3383 virtutem
2547 3328 2690 3382 illam
2720 3325 3044 3397 incorrupta:
3066 3327 3406 3397 substantiae,
3433 3332 3670 3388 imbecit.

2079 3420 2246 3476 litatis
2275 3436 2387 3476 sum
2414 3428 2560 3475 sorte
2586 3419 2883 3489 assumptio
2905 3421 3089 3476 carnis
3118 3420 3367 3478 iniecerit
3384 3464 3401 3489 ,
3430 3432 3490 3480 et
3516 3434 3673 3481 mter.

2080 3513 2221 3568 nitas
2249 3521 2494 3567 naturam
2525 3510 2825 3583 fragilitatis
2851 3512 3143 3583 acceperit.
3160 3512 3291 3579 Qua:
3310 3515 3355 3571 si
3380 3515 3449 3571 ad
3472 3526 3678 3574 metum

2080 3598 2250 3660 tristis
2270 3613 2384 3668 est,
2416 3602 2463 3658 si
2493 3601 2557 3657 ad
2589 3602 2828 3658 dolorem
2863 3602 3109 3668 inlirma,
3142 3604 3187 3658 si
3222 3604 3291 3660 ad
3321 3615 3550 3663 mortem
3574 3619 3683 3665 tre-

2081 3695 2242 3765 pida;
2288 3690 2398 3766 iam
2424 3703 2479 3748 et
2504 3690 2839 3762 corruptioni
2879 3692 3093 3748 subdita
3134 3694 3269 3760 erit,
3296 3704 3352 3751 et
3381 3697 3582 3754 incidet
3622 3700 3680 3756 in

2084 3804 2205 3844 cam
2234 3788 2401 3843 totius
2432 3785 2763 3841 infirmitatis
2799 3783 3033 3840 affectio.
3082 3786 3200 3841 Erit
3228 3802 3357 3858 ergo
3398 3790 3541 3859 quod
3570 3807 3681 3848 non

2081 3888 2220 3947 erat,
2250 3878 2318 3934 de
2337 3891 2539 3948 angore
2569 3886 2784 3942 mmsta,
2812 3875 2880 3931 de
2911 3875 3103 3933 timore
3124 3877 3375 3947 sollicita,
3402 3879 3471 3935 de
3495 3880 3684 3941 dolore

2086 3972 2368 4042 perterrita
2403 3985 2505 4025 :ac
2537 3970 2619 4026 sic
2642 3969 2919 4027 aeternitas
2963 3968 3240 4028 demutata
3272 3975 3323 4028 in
3348 3986 3593 4047 metam,
3628 3978 3679 4036 si

2088 4072 2268 4135 potest
2293 4078 2415 4119 esse
2455 4058 2597 4132 quod
2628 4078 2734 4117 non
2783 4070 2896 4118 erat
2923 4102 2941 4128 ,
2970 4064 3149 4134 potuit
3174 4063 3245 4136 (e)
3298 4067 3522 4136 perinde
3572 4069 3679 4127 hoc

2081 4157 2247 4230 801
2289 4153 2432 4227 quod
2469 4154 2523 4209 in
2555 4169 2616 4210 ea
2648 4163 2732 4211 est
2757 4154 3050 4225 aliquando
3078 4171 3184 4211 non
3230 4172 3369 4216 esse.
3401 4160 3545 4217 Deus
3584 4177 3681 4219 au...

2087 4258 2193 4305 tem
2228 4248 2348 4302 sine
2388 4260 2639 4303 mensura
2671 4254 2975 4316 temporum
3005 4261 3223 4319 semper
3262 4260 3347 4308 est
3382 4269 3395 4305 :
3423 4262 3480 4309 et
3504 4257 3680 4326 qualis

2084 4347 2193 4406 est,
2234 4336 2354 4393 talis
2379 4347 2617 4393 aeternus
2646 4346 2750 4393 est.
2797 4335 3094 4395 {Eternitas
3138 4349 3320 4399 autem
3369 4345 3422 4401 in
3469 4347 3682 4407 inﬁnito

385 4444 491 4501 pro
516 4429 639 4485 lidci
668 4445 780 4484 suae
808 4430 992 4485 calore
1012 4428 1323 4500 respondit,
1345 4428 1571 4487 emeris
1594 4430 1721 4485 licet
1755 4430 1982 4485 scanda-
2086 4442 2333 4498 mancns,
2359 4437 2420 4484 ut
2446 4428 2497 4483 in
2528 4427 2613 4484 his
2639 4440 2757 4500 qum
2783 4428 3014 4500 fuerant,
3047 4432 3117 4488 ita
3134 4432 3189 4488 in
3212 4433 3317 4490 illis
3341 4453 3460 4508 quae
3480 4448 3679 4498 conse-

385 4523 679 4580 l'nassibus
717 4521 943 4595 (pauiu
959 4523 1001 4595 ),
1034 4536 1329 4595 numquam
1366 4532 1427 4583 se
1469 4522 1977 4581 scandalizaturum.
2010 4546 2066 4609 D
2092 4536 2326 4597 quentur
2372 4521 2677 4578 extenditur
2710 4540 2725 4577 :
2771 4537 2987 4594 semper
3032 4524 3274 4596 integra,
3333 4529 3676 4605 incorrupta,

314 4612 319 4618 ’
385 4616 451 4672 In
479 4622 683 4672 tantum
714 4617 936 4673 enimet
961 4612 1155 4674 allecto
1181 4626 1237 4673 et
1265 4616 1530 4674 charitate
1554 4615 1758 4674 Christi
1784 4615 1979 4675 edere-
2093 4616 2364 4690 perlecta,
2396 4626 2595 4687 praeter
2630 4631 2789 4685 qttam
2823 4615 2988 4681 nihil,
3031 4619 3173 4689 quod
3209 4634 3329 4678 esse
3356 4628 3556 4697 possit,
3588 4644 3685 4687 ex.

387 4707 546 4765 batur
573 4708 646 4784 (ᾗ
668 4707 781 4781 35),
813 4719 873 4765 ut
898 4718 954 4767 et
978 4711 1403 4767 imbecillitatem
1420 4711 1591 4784 000
1613 4711 1799 4767 carnis
1840 4725 1979 4778 sine,

387 4802 640 4897 et'lldens
668 4804 961 4859 verborum
1002 4804 1211 4860 Domini
1253 4820 1365 4860 non
1402 4811 1755 4863 conmeretur
1785 4823 1798 4859 :
1829 4804 1983 4878 quasi

389 4892 521 4951 vero
545 4894 689 4951 diem
709 4896 825 4966 ejus
845 4893 1123 4952 efﬁcienda
1152 4910 1257 4952 non
1289 4900 1492 4953 essent.
1524 4892 1622 4953 Cui
1648 4898 1723 4952 ait
1755 4908 1773 4951 :
1800 4892 1987 4952 Prius-

391 4998 545 5060 tptam
582 4986 754 5061 gallus
791 4998 976 5055 cantet,
1011 4998 1086 5044 ter
1114 5005 1194 5044 me
1225 4988 1432 5061 negabis
1466 4989 1541 5062 (Ῡ
1563 4988 1679 5062 54).
1724 4987 1833 5046 Sed
1874 4996 1983 5045 tam

356 5145 359 5148 .
467 5102 543 5175 (a)
571 5101 744 5175 Abest
776 5102 866 5175 die
901 5116 1099 5175 aAmss.
1126 5102 1280 5159 Colb.
1322 5114 1377 5161 et
1412 5105 1576 5161 Carn.
1617 5105 1992 5162 consentiente

394 5172 590 5245 graeco.
624 5172 747 5227 nos
773 5174 825 5227 in
859 5173 1045 5228 iisdem
1077 5188 1208 5231 mss.
1244 5178 1510 5232 omittitur
1547 5177 1776 5234 verbum
1814 5177 1992 5232 dicen-

397 5252 736 5321 tss_._'et_p_ost
767 5255 941 5314 pauca
959 5260 1063 5299 non
1074 5248 1340 5321 habetur,
1362 5258 1417 5307 et
1438 5250 1634 5321 pascha
1658 5256 1990 5321 parauerunt.

467 5315 555 5387 (ιγ
577 5315 761 5387 litium
782 5326 1049 5386 prasente
1068 5316 1207 5374 Juda
1231 5315 1418 5376 verum
1450 5315 1991 5376 Pascha'conl’cctunt

397 5386 531 5444 esse-
548 5386 823 5459 eolligitur
844 5400 912 5459 es
940 5387 1100 5444 Lucae
1125 5402 1256 5458 xxn,
1283 5391 1373 5455 l9,
1391 5399 1523 5459 etc.,
1549 5400 1606 5447 ut
1630 5393 1824 5446 merito
1844 5390 1996 5459 dixe-

2094 4711 2360 4767 trinsecus
2389 4709 2462 4765 sit
2487 4707 2756 4765 relictum.
2786 4708 2903 4764 Non
2947 4711 3061 4782 ipsa
3086 4711 3139 4768 in
3169 4714 3387 4786 aliquo,
3414 4722 3511 4778 sed
3540 4725 3682 4787 intra

2093 4821 2213 4863 eam
2239 4811 2429 4861 cuncta
2463 4819 2477 4857 :
2504 4810 2695 4874 potens
2720 4794 2792 4858 ita
2816 4802 3001 4875 largiri
3029 4806 3189 4862 nobis
3216 4808 3331 4879 ipsa
3352 4815 3495 4883 quod
3523 4830 3682 4879 suum

2091 4906 2199 4966 est,
2226 4907 2286 4954 ut
2312 4894 2417 4954 sibi
2454 4894 2589 4951 nihil
2615 4894 2684 4952 de
2707 4908 2774 4950 eo
2805 4895 2951 4965 quod
2980 4896 3051 4950 sit
3077 4898 3265 4969 largita
3294 4900 3540 4965 decedat.

2167 4990 2221 5047 ε,
2277 4989 2501 5058 Quinam
2528 4988 2785 5059 opinionis
2806 4985 2963 5062 hujus
2986 4998 3236 5047 auctores.
3269 5023 3341 5035 --
3364 4997 3471 5057 Sed
3498 5019 3688 5069 eorum

2169 5100 2832 5195 (dilemma,
2856 5101 3453 5195 .a'i_:-.'3£39°es..wm
3477 5116 3688 5195 Grego-

2094 5172 2369 5254 ρμέ-ῃπ.
2401 5172 2496 5228 0r.
2520 5173 2610 5254 5t.
2642 5173 2812 5254 ws,
2844 5176 3175 5254 Augustinus
3199 5178 3266 5233 de
3287 5172 3685 5254 Haeresic'f‘is:

2097 5244 2471 5325 Tlteodoretus
2486 5246 2614 5325 sub
2648 5238 3171 5325 initium‘yialogiun
3187 5291 3214 5325 ,μ
3231 5266 3296 5307 ac
3306 5238 3508 5325 poster
3518 5238 3693 5325 vili-1;:

2098 5318 2248 5397 rius,
2268 5316 2390 5397 lib._
2408 5331 2441 5370 x
2466 5314 2536 5370 de
2569 5314 2721 5397 'i‘rin.
2746 5330 2802 5369 n.
2834 5314 2934 5397 ὃς),
2964 5314 3347 5397 praedicabat!
3367 5314 3692 5397 Verbtirn-i'n

2097 5386 2317 5465 Christo
2342 5386 2488 5465 vices
2511 5386 2705 5465 animae
2734 5387 3070 5465 supplevisse
3094 5391 3382 5465 :_adeoqne
3422 5386 3691 5465 ωωέῖἱιίιῖ

397 5459 472 5515 rit
510 5455 841 5537 angustans
880 5457 1057 5514 sem.
1088 5460 1177 5537 7_t_,
1212 5455 1411 5537 ιιιυε
1440 5455 1712 5537 Numquid
1744 5471 1793 5516 et
1828 5458 1998 5537 suda:
2100 5455 3309 5537 dine.»,__ntsttna3p,Aanxtentetg,_d_otmm;
3340 5455 3694 5537 ιιιιίδὰζέὶὶῖί-

399 5530 634 5605 magistri
910 5540 971 5605 et
1008 5532 1239 5602 proditor
1266 5533 1479 5605 impius,
1511 5530 1738 5601 quamvis
1767 5533 1993 5605 primum

399 5600 841 5677 irritationibus
869 5604 991 5677 ejus
1009 5600 1312 5677 confectum;
1331 5600 1708 5677 sacramentum
1743 5600 1929 5677 carnis,
1946 5612 1995 5659 et

401 5673 673 5747 ζαμίνρ
705 5675 821 5747 ejus
1014 5673 1214 5747 steteris
1258 5674 1547 5747 discipulis,
1591 5676 1722 5730 sicut
1765 5676 1995 5747 apertius

403 5742 575 5816 Lucas
621 5742 951 5816 Eoéngeli'sta
1003 5743 1268 5816 declarat,
1307 5742 1643 5804 manducaret
1679 5754 1729 5803 et
1775 5742 1992 5814 biberet,

406 5815 595 5871 mansit
614 5815 673 5871 in
699 5812 928 5885 Christo,
947 5824 1035 5869 aut
1059 5812 1292 5872 Christus
1324 5817 1378 5871 in
1404 5819 1506 5874 eo?

922 5910 1198 5975 ΡΑτιιοι..
1232 5909 1343 5975 1X.

2101 5527 2483 5609 mam_Christi
2513 5526 2758 5609 allectam
2804 5541 2926 5609 esse
2956 5528 3142 5609 lideles
3171 5526 3395 5596 credunt
3416 5584 3430 5609 ,
3463 5526 3528 5602 in
3560 5526 3694 5609 vi}.

2102 5599 2433 5671 humipsum
2458 5598 2721 5671 cecidisse
2743 5598 3160 5671 contendebant.

2175 5667 2260 5811 iii
2289 5668 3151 5811 iiﬁédciﬁ'éi,‘
3171 5686 3437 5811 £323.55

2200 5740 2381 5825 e)_Sic
2411 5755 2544 5796 mss.
2572 5739 2718 5798 Editi
2746 5753 2898 5808 vero,
2926 5739 3146 5813 ininde
3171 5739 3275 5805 hoc
3294 5739 3700 5825 quod—erg;

2106 5812 2311 5885 quando
2338 5827 2441 5869 non
2465 5827 2593 5869 esse.
