  <div class='ocr_page' id='page_1' title='image "/cluster/home/n/w/nwhite01/storage/ocr_20150623/9/hvd.32044069618759/551.png"; bbox 0 0 4222 6262; ppageno 0'>
   <div class='ocr_carea' id='block_1_1' title="bbox 562 291 703 351">
    <p class='ocr_par' dir='ltr' id='par_1_1' title="bbox 562 291 703 351">
     <span class='ocr_line' id='line_1_1' title="bbox 562 291 703 351; baseline -0.028 -1"><span class='ocrx_word' id='word_1_1' title='bbox 562 291 703 351; x_wconf 71' lang='grc'><strong>1067</strong></span> 
     </span>
    </p>
   </div>
   <div class='ocr_carea' id='block_1_2' title="bbox 1651 287 2633 348">
    <p class='ocr_par' dir='ltr' id='par_1_2' title="bbox 1651 287 2633 348">
     <span class='ocr_line' id='line_1_2' title="bbox 1651 287 2633 348; baseline 0.008 -8"><span class='ocrx_word' id='word_1_2' title='bbox 1651 337 1654 340; x_wconf 83' lang='lat'><strong>.</strong></span> <span class='ocrx_word' id='word_1_3' title='bbox 1721 287 1965 347; x_wconf 83' lang='lat' dir='ltr'><strong>SANCTI</strong></span> <span class='ocrx_word' id='word_1_4' title='bbox 2001 287 2264 347; x_wconf 79' lang='lat' dir='ltr'><strong>HILABII</strong></span> <span class='ocrx_word' id='word_1_5' title='bbox 2323 288 2633 348; x_wconf 84' lang='lat' dir='ltr'><strong>EPISCOPI</strong></span> 
     </span>
    </p>
   </div>
   <div class='ocr_carea' id='block_1_3' title="bbox 3721 293 3870 352">
    <p class='ocr_par' dir='ltr' id='par_1_3' title="bbox 3721 293 3870 352">
     <span class='ocr_line' id='line_1_3' title="bbox 3721 293 3870 352; baseline 0.013 -2"><span class='ocrx_word' id='word_1_6' title='bbox 3721 293 3870 352; x_wconf 77' lang='grc'><strong>1068</strong></span> 
     </span>
    </p>
   </div>
   <div class='ocr_carea' id='block_1_4' title="bbox 568 407 3859 483">
    <p class='ocr_par' dir='ltr' id='par_1_4' title="bbox 568 407 3859 483">
     <span class='ocr_line' id='line_1_4' title="bbox 568 407 3859 483; baseline -0.001 -14"><span class='ocrx_word' id='word_1_7' title='bbox 568 411 746 469; x_wconf 92' lang='lat' dir='ltr'><strong>omnis</strong></span> <span class='ocrx_word' id='word_1_8' title='bbox 774 409 863 465; x_wconf 86' lang='lat' dir='ltr'><strong>hic</strong></span> <span class='ocrx_word' id='word_1_9' title='bbox 887 423 1077 466; x_wconf 87' lang='lat' dir='ltr'><strong>sensus</strong></span> <span class='ocrx_word' id='word_1_10' title='bbox 1114 416 1218 476; x_wconf 90' lang='lat' dir='ltr'><strong>est,</strong></span> <span class='ocrx_word' id='word_1_11' title='bbox 1251 416 1309 464; x_wconf 91' lang='lat' dir='ltr'><strong>ut</strong></span> <span class='ocrx_word' id='word_1_12' title='bbox 1351 407 1645 479; x_wconf 79' lang='lat' dir='ltr'><strong>opinentur</strong></span> <span class='ocrx_word' id='word_1_13' title='bbox 1672 416 1874 465; x_wconf 88' lang='lat' dir='ltr'><strong>metum</strong></span> <span class='ocrx_word' id='word_1_14' title='bbox 1902 408 2089 464; x_wconf 84' lang='lat' dir='ltr'><strong>mortis</strong></span> <span class='ocrx_word' id='word_1_15' title='bbox 2110 409 2164 464; x_wconf 92' lang='lat' dir='ltr'><strong>in</strong></span> <span class='ocrx_word' id='word_1_16' title='bbox 2191 417 2242 479; x_wconf 77' lang='grc' dir='ltr'><strong>Α</strong></span> <span class='ocrx_word' id='word_1_17' title='bbox 2272 410 2434 481; x_wconf 90' lang='lat' dir='ltr'><strong>nique</strong></span> <span class='ocrx_word' id='word_1_18' title='bbox 2489 411 2604 477; x_wconf 91' lang='lat' dir='ltr'><strong>ait,</strong></span> <span class='ocrx_word' id='word_1_19' title='bbox 2633 409 2822 464; x_wconf 76' lang='lat' dir='ltr'><strong><em>Tristis</em></strong></span> <span class='ocrx_word' id='word_1_20' title='bbox 2852 415 2926 464; x_wconf 88' lang='lat' dir='ltr'><strong>est</strong></span> <span class='ocrx_word' id='word_1_21' title='bbox 2965 408 3138 464; x_wconf 89' lang='lat' dir='ltr'><strong>anima</strong></span> <span class='ocrx_word' id='word_1_22' title='bbox 3165 425 3274 464; x_wconf 78' lang='lat' dir='ltr'><strong>mea</strong></span> <span class='ocrx_word' id='word_1_23' title='bbox 3326 425 3485 483; x_wconf 87' lang='lat' dir='ltr'><strong>usque</strong></span> <span class='ocrx_word' id='word_1_24' title='bbox 3513 411 3580 464; x_wconf 84' lang='lat' dir='ltr'><strong>ad</strong></span> <span class='ocrx_word' id='word_1_25' title='bbox 3627 423 3859 468; x_wconf 83' lang='lat' dir='ltr'><strong>mortem.</strong></span> 
     </span>
    </p>
   </div>
   <div class='ocr_carea' id='block_1_5' title="bbox 570 503 2161 574">
    <p class='ocr_par' dir='ltr' id='par_1_5' title="bbox 570 503 2161 574">
     <span class='ocr_line' id='line_1_5' title="bbox 570 503 2161 574; baseline -0.003 -12"><span class='ocrx_word' id='word_1_26' title='bbox 570 505 668 562; x_wconf 85' lang='lat' dir='ltr'><strong>Dei</strong></span> <span class='ocrx_word' id='word_1_27' title='bbox 711 504 876 560; x_wconf 89' lang='lat' dir='ltr'><strong>ﬁlium</strong></span> <span class='ocrx_word' id='word_1_28' title='bbox 923 503 1177 560; x_wconf 90' lang='lat' dir='ltr'><strong>incidisse</strong></span> <span class='ocrx_word' id='word_1_29' title='bbox 1203 503 1293 574; x_wconf 91' lang='lat' dir='ltr'><strong>qui</strong></span> <span class='ocrx_word' id='word_1_30' title='bbox 1340 511 1588 560; x_wconf 78' lang='lat' dir='ltr'><strong>asserunt</strong></span> <span class='ocrx_word' id='word_1_31' title='bbox 1626 518 1732 559; x_wconf 89' lang='lat' dir='ltr'><strong>non</strong></span> <span class='ocrx_word' id='word_1_32' title='bbox 1763 503 1830 559; x_wconf 90' lang='lat' dir='ltr'><strong>de</strong></span> <span class='ocrx_word' id='word_1_33' title='bbox 1860 503 2161 559; x_wconf 75' lang='lat' dir='ltr'><strong>teternilate</strong></span> 
     </span>
    </p>
   </div>
   <div class='ocr_carea' id='block_1_6' title="bbox 567 595 2163 668">
    <p class='ocr_par' dir='ltr' id='par_1_6' title="bbox 567 595 2163 668">
     <span class='ocr_line' id='line_1_6' title="bbox 567 595 2163 668; baseline -0.002 -14"><span class='ocrx_word' id='word_1_34' title='bbox 567 614 689 654; x_wconf 89' lang='lat' dir='ltr'><strong>esse</strong></span> <span class='ocrx_word' id='word_1_35' title='bbox 709 597 974 668; x_wconf 91' lang='lat' dir='ltr'><strong>prolatum</strong></span> <span class='ocrx_word' id='word_1_36' title='bbox 1005 612 1177 666; x_wconf 89' lang='lat' dir='ltr'><strong>neque</strong></span> <span class='ocrx_word' id='word_1_37' title='bbox 1201 596 1270 652; x_wconf 90' lang='lat' dir='ltr'><strong>de</strong></span> <span class='ocrx_word' id='word_1_38' title='bbox 1298 595 1563 651; x_wconf 88' lang='lat' dir='ltr'><strong>inﬁnitate</strong></span> <span class='ocrx_word' id='word_1_39' title='bbox 1587 605 1822 667; x_wconf 76' lang='lat' dir='ltr'><strong>paterna:</strong></span> <span class='ocrx_word' id='word_1_40' title='bbox 1849 597 2163 652; x_wconf 69' lang='lat' dir='ltr'><strong>substantia:</strong></span> 
     </span>
    </p>
   </div>
   <div class='ocr_carea' id='block_1_7' title="bbox 573 688 2162 761">
    <p class='ocr_par' dir='ltr' id='par_1_7' title="bbox 573 688 2162 761">
     <span class='ocr_line' id='line_1_7' title="bbox 573 688 2162 761; baseline -0.003 -16"><span class='ocrx_word' id='word_1_41' title='bbox 573 689 870 754; x_wconf 70' lang='lat' dir='ltr'><strong>exsﬁtisse,</strong></span> <span class='ocrx_word' id='word_1_42' title='bbox 906 688 983 761; x_wconf 89' lang='lat' dir='ltr'><strong>(a)</strong></span> <span class='ocrx_word' id='word_1_43' title='bbox 1014 689 1109 745; x_wconf 90' lang='lat' dir='ltr'><strong>sed</strong></span> <span class='ocrx_word' id='word_1_44' title='bbox 1142 705 1209 744; x_wconf 81' lang='lat' dir='ltr'><strong>ex</strong></span> <span class='ocrx_word' id='word_1_45' title='bbox 1239 689 1386 743; x_wconf 92' lang='lat' dir='ltr'><strong>nullo</strong></span> <span class='ocrx_word' id='word_1_46' title='bbox 1412 704 1508 759; x_wconf 91' lang='lat' dir='ltr'><strong>per</strong></span> <span class='ocrx_word' id='word_1_47' title='bbox 1537 704 1658 744; x_wconf 89' lang='lat' dir='ltr'><strong>eum</strong></span> <span class='ocrx_word' id='word_1_48' title='bbox 1686 688 1776 758; x_wconf 88' lang='lat' dir='ltr'><strong>qui</strong></span> <span class='ocrx_word' id='word_1_49' title='bbox 1806 689 1984 744; x_wconf 89' lang='lat' dir='ltr'><strong>omnia</strong></span> <span class='ocrx_word' id='word_1_50' title='bbox 2012 703 2162 743; x_wconf 87' lang='lat' dir='ltr'><strong>crea-</strong></span> 
     </span>
    </p>
   </div>
   <div class='ocr_carea' id='block_1_8' title="bbox 565 779 2165 851">
    <p class='ocr_par' dir='ltr' id='par_1_8' title="bbox 565 779 2165 851">
     <span class='ocr_line' id='line_1_8' title="bbox 565 779 2165 851; baseline -0.001 -15"><span class='ocrx_word' id='word_1_51' title='bbox 565 781 643 837; x_wconf 86' lang='lat' dir='ltr'><strong>vit</strong></span> <span class='ocrx_word' id='word_1_52' title='bbox 669 780 918 836; x_wconf 80' lang='lat' dir='ltr'><strong>elfectutn</strong></span> <span class='ocrx_word' id='word_1_53' title='bbox 955 796 968 833; x_wconf 91' lang='lat'>:</span> <span class='ocrx_word' id='word_1_54' title='bbox 1013 790 1072 835; x_wconf 93' lang='lat' dir='ltr'><strong>ut</strong></span> <span class='ocrx_word' id='word_1_55' title='bbox 1101 789 1409 850; x_wconf 86' lang='lat' dir='ltr'><strong>assumptus</strong></span> <span class='ocrx_word' id='word_1_56' title='bbox 1439 796 1503 835; x_wconf 87' lang='lat' dir='ltr'><strong>ex</strong></span> <span class='ocrx_word' id='word_1_57' title='bbox 1531 779 1702 836; x_wconf 86' lang='lat' dir='ltr'><strong>nihilo</strong></span> <span class='ocrx_word' id='word_1_58' title='bbox 1741 781 1843 845; x_wconf 91' lang='lat' dir='ltr'><strong>sit,</strong></span> <span class='ocrx_word' id='word_1_59' title='bbox 1873 788 1928 835; x_wconf 87' lang='lat' dir='ltr'><strong>et</strong></span> <span class='ocrx_word' id='word_1_60' title='bbox 1956 789 2165 851; x_wconf 73' lang='lat' dir='ltr'><strong>emptus</strong></span> 
     </span>
    </p>
   </div>
   <div class='ocr_carea' id='block_1_9' title="bbox 565 873 2164 946">
    <p class='ocr_par' dir='ltr' id='par_1_9' title="bbox 565 873 2164 946">
     <span class='ocr_line' id='line_1_9' title="bbox 565 873 2164 946; baseline -0.003 -15"><span class='ocrx_word' id='word_1_61' title='bbox 565 891 635 932; x_wconf 85' lang='lat' dir='ltr'><strong>ex</strong></span> <span class='ocrx_word' id='word_1_62' title='bbox 669 891 870 946; x_wconf 85' lang='lat' dir='ltr'><strong>opere,</strong></span> <span class='ocrx_word' id='word_1_63' title='bbox 904 883 959 930; x_wconf 87' lang='lat' dir='ltr'><strong>et</strong></span> <span class='ocrx_word' id='word_1_64' title='bbox 980 875 1332 929; x_wconf 88' lang='lat' dir='ltr'><strong>conﬁrmatus</strong></span> <span class='ocrx_word' id='word_1_65' title='bbox 1361 889 1425 930; x_wconf 81' lang='lat' dir='ltr'><strong>ex</strong></span> <span class='ocrx_word' id='word_1_66' title='bbox 1472 884 1731 944; x_wconf 87' lang='lat' dir='ltr'><strong>tempore.</strong></span> <span class='ocrx_word' id='word_1_67' title='bbox 1772 873 1842 928; x_wconf 87' lang='lat' dir='ltr'><strong>Et</strong></span> <span class='ocrx_word' id='word_1_68' title='bbox 1867 873 1987 928; x_wconf 88' lang='lat' dir='ltr'><strong>ideo</strong></span> <span class='ocrx_word' id='word_1_69' title='bbox 2019 873 2070 927; x_wconf 91' lang='lat' dir='ltr'><strong>in</strong></span> <span class='ocrx_word' id='word_1_70' title='bbox 2099 887 2164 928; x_wconf 90' lang='lat' dir='ltr'><strong>eo</strong></span> 
     </span>
    </p>
   </div>
   <div class='ocr_carea' id='block_1_10' title="bbox 568 965 2187 1041">
    <p class='ocr_par' dir='ltr' id='par_1_10' title="bbox 568 965 2187 1041">
     <span class='ocr_line' id='line_1_10' title="bbox 568 965 2187 1041; baseline -0.002 -18"><span class='ocrx_word' id='word_1_71' title='bbox 568 967 775 1023; x_wconf 90' lang='lat' dir='ltr'><strong>doloris</strong></span> <span class='ocrx_word' id='word_1_72' title='bbox 797 967 1060 1033; x_wconf 88' lang='lat' dir='ltr'><strong>anxietas,</strong></span> <span class='ocrx_word' id='word_1_73' title='bbox 1107 965 1227 1021; x_wconf 90' lang='lat' dir='ltr'><strong>ideo</strong></span> <span class='ocrx_word' id='word_1_74' title='bbox 1255 965 1331 1037; x_wconf 72' lang='grc' dir='ltr'>(ὁ)</span> <span class='ocrx_word' id='word_1_75' title='bbox 1355 966 1587 1036; x_wconf 86' lang='lat' dir='ltr'><strong>Spiritus</strong></span> <span class='ocrx_word' id='word_1_76' title='bbox 1615 966 1791 1034; x_wconf 85' lang='lat' dir='ltr'><strong>passio</strong></span> <span class='ocrx_word' id='word_1_77' title='bbox 1820 981 1942 1021; x_wconf 93' lang='lat' dir='ltr'><strong>cum</strong></span> <span class='ocrx_word' id='word_1_78' title='bbox 1967 979 2187 1041; x_wconf 87' lang='lat' dir='ltr'><strong>corpo-_</strong></span> 
     </span>
    </p>
   </div>
   <div class='ocr_carea' id='block_1_11' title="bbox 563 1053 2166 1129">
    <p class='ocr_par' dir='ltr' id='par_1_11' title="bbox 563 1053 2166 1129">
     <span class='ocr_line' id='line_1_11' title="bbox 563 1053 2166 1129; baseline -0.004 -13"><span class='ocrx_word' id='word_1_79' title='bbox 563 1059 642 1116; x_wconf 88' lang='lat' dir='ltr'><strong>ris</strong></span> <span class='ocrx_word' id='word_1_80' title='bbox 668 1060 917 1129; x_wconf 81' lang='lat' dir='ltr'><strong>passione</strong></span> <span class='ocrx_word' id='word_1_81' title='bbox 939 1100 955 1124; x_wconf 94' lang='lat'><strong>,</strong></span> <span class='ocrx_word' id='word_1_82' title='bbox 989 1057 1110 1113; x_wconf 90' lang='lat' dir='ltr'><strong>ideo</strong></span> <span class='ocrx_word' id='word_1_83' title='bbox 1137 1066 1311 1113; x_wconf 89' lang='lat' dir='ltr'><strong>metus</strong></span> <span class='ocrx_word' id='word_1_84' title='bbox 1341 1057 1564 1112; x_wconf 91' lang='lat' dir='ltr'><strong>mortis:</strong></span> <span class='ocrx_word' id='word_1_85' title='bbox 1599 1066 1658 1111; x_wconf 92' lang='lat' dir='ltr'><strong>ut</strong></span> <span class='ocrx_word' id='word_1_86' title='bbox 1695 1056 1785 1124; x_wconf 91' lang='lat' dir='ltr'><strong>qui</strong></span> <span class='ocrx_word' id='word_1_87' title='bbox 1823 1063 2054 1111; x_wconf 91' lang='lat' dir='ltr'><strong>mortem</strong></span> <span class='ocrx_word' id='word_1_88' title='bbox 2097 1053 2166 1109; x_wconf 88' lang='lat' dir='ltr'><strong>ti-</strong></span> 
     </span>
    </p>
   </div>
   <div class='ocr_carea' id='block_1_12' title="bbox 565 1147 2161 1220">
    <p class='ocr_par' dir='ltr' id='par_1_12' title="bbox 565 1147 2161 1220">
     <span class='ocr_line' id='line_1_12' title="bbox 565 1147 2161 1220; baseline -0.003 -13"><span class='ocrx_word' id='word_1_89' title='bbox 565 1167 717 1207; x_wconf 89' lang='lat' dir='ltr'><strong>mere</strong></span> <span class='ocrx_word' id='word_1_90' title='bbox 762 1150 951 1220; x_wconf 89' lang='lat' dir='ltr'><strong>potuit,</strong></span> <span class='ocrx_word' id='word_1_91' title='bbox 986 1160 1041 1205; x_wconf 87' lang='lat' dir='ltr'><strong>et</strong></span> <span class='ocrx_word' id='word_1_92' title='bbox 1086 1150 1223 1203; x_wconf 92' lang='lat' dir='ltr'><strong>mori</strong></span> <span class='ocrx_word' id='word_1_93' title='bbox 1258 1149 1460 1220; x_wconf 78' lang='lat' dir='ltr'><strong>possit;</strong></span> <span class='ocrx_word' id='word_1_94' title='bbox 1491 1148 1582 1219; x_wconf 93' lang='lat' dir='ltr'><strong>qui</strong></span> <span class='ocrx_word' id='word_1_95' title='bbox 1605 1164 1734 1204; x_wconf 81' lang='lat' dir='ltr'><strong>vero</strong></span> <span class='ocrx_word' id='word_1_96' title='bbox 1776 1149 1910 1204; x_wconf 90' lang='lat' dir='ltr'><strong>mori</strong></span> <span class='ocrx_word' id='word_1_97' title='bbox 1950 1147 2161 1219; x_wconf 88' lang='lat' dir='ltr'><strong>potuit,</strong></span> 
     </span>
    </p>
   </div>
   <div class='ocr_carea' id='block_1_13' title="bbox 564 1237 2164 1312">
    <p class='ocr_par' dir='ltr' id='par_1_13' title="bbox 564 1237 2164 1312">
     <span class='ocr_line' id='line_1_13' title="bbox 564 1237 2164 1312; baseline -0.002 -14"><span class='ocrx_word' id='word_1_98' title='bbox 564 1243 697 1298; x_wconf 92' lang='lat' dir='ltr'><strong>licet</strong></span> <span class='ocrx_word' id='word_1_99' title='bbox 721 1243 775 1297; x_wconf 93' lang='lat' dir='ltr'><strong>in</strong></span> <span class='ocrx_word' id='word_1_100' title='bbox 818 1242 1053 1297; x_wconf 85' lang='lat' dir='ltr'><strong>futurum</strong></span> <span class='ocrx_word' id='word_1_101' title='bbox 1084 1243 1187 1297; x_wconf 91' lang='lat' dir='ltr'><strong>erit</strong></span> <span class='ocrx_word' id='word_1_102' title='bbox 1225 1241 1467 1312; x_wconf 87' lang='lat' dir='ltr'><strong>(subaud.</strong></span> <span class='ocrx_word' id='word_1_103' title='bbox 1513 1237 1772 1311; x_wconf 74' lang='lat' dir='ltr'><strong>aeternus)</strong></span> <span class='ocrx_word' id='word_1_104' title='bbox 1795 1283 1809 1308; x_wconf 95' lang='lat'><strong>,</strong></span> <span class='ocrx_word' id='word_1_105' title='bbox 1843 1257 1948 1296; x_wconf 92' lang='lat' dir='ltr'><strong>non</strong></span> <span class='ocrx_word' id='word_1_106' title='bbox 1985 1251 2164 1296; x_wconf 89' lang='lat' dir='ltr'><strong>tamen</strong></span> 
     </span>
    </p>
   </div>
   <div class='ocr_carea' id='block_1_14' title="bbox 567 1335 2166 1409">
    <p class='ocr_par' dir='ltr' id='par_1_14' title="bbox 567 1335 2166 1409">
     <span class='ocr_line' id='line_1_14' title="bbox 567 1335 2166 1409; baseline -0.003 -15"><span class='ocrx_word' id='word_1_107' title='bbox 567 1352 668 1409; x_wconf 89' lang='lat' dir='ltr'><strong>per</strong></span> <span class='ocrx_word' id='word_1_108' title='bbox 695 1354 818 1394; x_wconf 91' lang='lat' dir='ltr'><strong>eum</strong></span> <span class='ocrx_word' id='word_1_109' title='bbox 842 1338 933 1408; x_wconf 90' lang='lat' dir='ltr'><strong>qui</strong></span> <span class='ocrx_word' id='word_1_110' title='bbox 958 1353 1016 1394; x_wconf 89' lang='lat' dir='ltr'><strong>se</strong></span> <span class='ocrx_word' id='word_1_111' title='bbox 1043 1337 1227 1408; x_wconf 83' lang='lat' dir='ltr'><strong>genuit</strong></span> <span class='ocrx_word' id='word_1_112' title='bbox 1247 1353 1312 1392; x_wconf 83' lang='lat' dir='ltr'><strong>ex</strong></span> <span class='ocrx_word' id='word_1_113' title='bbox 1360 1338 1630 1406; x_wconf 81' lang='lat' dir='ltr'><strong>praeterito</strong></span> <span class='ocrx_word' id='word_1_114' title='bbox 1661 1336 1730 1392; x_wconf 87' lang='lat' dir='ltr'><strong>sit</strong></span> <span class='ocrx_word' id='word_1_115' title='bbox 1753 1346 2007 1392; x_wconf 78' lang='lat' dir='ltr'><strong>:eternns.</strong></span> <span class='ocrx_word' id='word_1_116' title='bbox 2062 1335 2166 1402; x_wconf 85' lang='lat' dir='ltr'><strong>Qui</strong></span> 
     </span>
    </p>
   </div>
   <div class='ocr_carea' id='block_1_15' title="bbox 575 1429 2180 1504">
    <p class='ocr_par' dir='ltr' id='par_1_15' title="bbox 575 1429 2180 1504">
     <span class='ocr_line' id='line_1_15' title="bbox 575 1429 2180 1504; baseline -0.001 -19"><span class='ocrx_word' id='word_1_117' title='bbox 575 1429 648 1504; x_wconf 78' lang='grc' dir='ltr'>(ε)</span> <span class='ocrx_word' id='word_1_118' title='bbox 691 1430 738 1485; x_wconf 92' lang='lat' dir='ltr'><strong>si</strong></span> <span class='ocrx_word' id='word_1_119' title='bbox 776 1446 872 1501; x_wconf 90' lang='lat' dir='ltr'><strong>per</strong></span> <span class='ocrx_word' id='word_1_120' title='bbox 902 1429 1060 1485; x_wconf 89' lang='lat' dir='ltr'><strong>ﬁdem</strong></span> <span class='ocrx_word' id='word_1_121' title='bbox 1119 1430 1350 1500; x_wconf 65' lang='lat' dir='ltr'><strong>vitaeque</strong></span> <span class='ocrx_word' id='word_1_122' title='bbox 1380 1429 1702 1500; x_wconf 88' lang='lat' dir='ltr'><strong>probitatem</strong></span> <span class='ocrx_word' id='word_1_123' title='bbox 1731 1445 1959 1500; x_wconf 81' lang='lat' dir='ltr'><strong>capaces</strong></span> <span class='ocrx_word' id='word_1_124' title='bbox 1995 1429 2180 1484; x_wconf 55' lang='lat' dir='ltr'><strong>Evan-</strong></span> 
     </span>
    </p>
   </div>
   <div class='ocr_carea' id='block_1_16' title="bbox 565 1520 2168 1594">
    <p class='ocr_par' dir='ltr' id='par_1_16' title="bbox 565 1520 2168 1594">
     <span class='ocr_line' id='line_1_16' title="bbox 565 1520 2168 1594; baseline -0.002 -16"><span class='ocrx_word' id='word_1_125' title='bbox 565 1524 830 1594; x_wconf 88' lang='lat' dir='ltr'><strong>geliorum</strong></span> <span class='ocrx_word' id='word_1_126' title='bbox 871 1537 994 1577; x_wconf 90' lang='lat' dir='ltr'><strong>esse</strong></span> <span class='ocrx_word' id='word_1_127' title='bbox 1021 1521 1342 1592; x_wconf 90' lang='lat' dir='ltr'><strong>potuissent.</strong></span> <span class='ocrx_word' id='word_1_128' title='bbox 1387 1521 1588 1576; x_wconf 89' lang='lat' dir='ltr'><strong>scirent</strong></span> <span class='ocrx_word' id='word_1_129' title='bbox 1615 1520 1852 1577; x_wconf 83' lang='lat' dir='ltr'><strong>Verbum</strong></span> <span class='ocrx_word' id='word_1_130' title='bbox 1881 1522 1934 1576; x_wconf 92' lang='lat' dir='ltr'><strong>in</strong></span> <span class='ocrx_word' id='word_1_131' title='bbox 1965 1521 2168 1592; x_wconf 83' lang='lat' dir='ltr'><strong>princi-</strong></span> 
     </span>
    </p>
   </div>
   <div class='ocr_carea' id='block_1_17' title="bbox 566 1613 2166 1686">
    <p class='ocr_par' dir='ltr' id='par_1_17' title="bbox 566 1613 2166 1686">
     <span class='ocr_line' id='line_1_17' title="bbox 566 1613 2166 1686; baseline -0.003 -16"><span class='ocrx_word' id='word_1_132' title='bbox 566 1615 660 1686; x_wconf 88' lang='lat' dir='ltr'><strong>pio</strong></span> <span class='ocrx_word' id='word_1_133' title='bbox 683 1614 874 1682; x_wconf 93' lang='lat' dir='ltr'><strong>Deum,</strong></span> <span class='ocrx_word' id='word_1_134' title='bbox 901 1623 956 1669; x_wconf 90' lang='lat' dir='ltr'><strong>et</strong></span> <span class='ocrx_word' id='word_1_135' title='bbox 996 1615 1100 1669; x_wconf 90' lang='lat' dir='ltr'><strong>hoc</strong></span> <span class='ocrx_word' id='word_1_136' title='bbox 1125 1629 1154 1668; x_wconf 88' lang='lat' dir='ltr'><strong>a</strong></span> <span class='ocrx_word' id='word_1_137' title='bbox 1182 1613 1446 1684; x_wconf 88' lang='lat' dir='ltr'><strong>principio</strong></span> <span class='ocrx_word' id='word_1_138' title='bbox 1485 1613 1625 1683; x_wconf 90' lang='lat' dir='ltr'><strong>apud</strong></span> <span class='ocrx_word' id='word_1_139' title='bbox 1655 1614 1821 1668; x_wconf 87' lang='lat' dir='ltr'><strong>Deum</strong></span> <span class='ocrx_word' id='word_1_140' title='bbox 1840 1653 1856 1680; x_wconf 94' lang='lat'><strong>,</strong></span> <span class='ocrx_word' id='word_1_141' title='bbox 1901 1620 1955 1668; x_wconf 92' lang='lat' dir='ltr'><strong>et</strong></span> <span class='ocrx_word' id='word_1_142' title='bbox 1982 1618 2166 1667; x_wconf 87' lang='lat' dir='ltr'><strong>natum</strong></span> 
     </span>
    </p>
   </div>
   <div class='ocr_carea' id='block_1_18' title="bbox 567 1706 2163 1778">
    <p class='ocr_par' dir='ltr' id='par_1_18' title="bbox 567 1706 2163 1778">
     <span class='ocr_line' id='line_1_18' title="bbox 567 1706 2163 1778; baseline -0.003 -13"><span class='ocrx_word' id='word_1_143' title='bbox 567 1724 689 1765; x_wconf 87' lang='lat' dir='ltr'><strong>esse</strong></span> <span class='ocrx_word' id='word_1_144' title='bbox 714 1725 780 1763; x_wconf 81' lang='lat' dir='ltr'><strong>ex</strong></span> <span class='ocrx_word' id='word_1_145' title='bbox 813 1723 879 1763; x_wconf 88' lang='lat' dir='ltr'><strong>eo</strong></span> <span class='ocrx_word' id='word_1_146' title='bbox 906 1707 1154 1778; x_wconf 89' lang='lat' dir='ltr'><strong>quierat,</strong></span> <span class='ocrx_word' id='word_1_147' title='bbox 1189 1714 1246 1762; x_wconf 88' lang='lat' dir='ltr'><strong>et</strong></span> <span class='ocrx_word' id='word_1_148' title='bbox 1286 1707 1387 1761; x_wconf 89' lang='lat' dir='ltr'><strong>hoc</strong></span> <span class='ocrx_word' id='word_1_149' title='bbox 1425 1706 1478 1760; x_wconf 95' lang='lat' dir='ltr'><strong>in</strong></span> <span class='ocrx_word' id='word_1_150' title='bbox 1507 1721 1572 1761; x_wconf 91' lang='lat' dir='ltr'><strong>eo</strong></span> <span class='ocrx_word' id='word_1_151' title='bbox 1598 1721 1717 1762; x_wconf 81' lang='lat' dir='ltr'><strong>esse</strong></span> <span class='ocrx_word' id='word_1_152' title='bbox 1749 1706 1838 1777; x_wconf 89' lang='lat' dir='ltr'><strong>qui</strong></span> <span class='ocrx_word' id='word_1_153' title='bbox 1861 1714 2018 1761; x_wconf 92' lang='lat' dir='ltr'><strong>natus</strong></span> <span class='ocrx_word' id='word_1_154' title='bbox 2043 1712 2126 1761; x_wconf 89' lang='lat' dir='ltr'><strong>est</strong></span> <span class='ocrx_word' id='word_1_155' title='bbox 2149 1747 2163 1773; x_wconf 92' lang='lat'><strong>,</strong></span> 
     </span>
    </p>
   </div>
   <div class='ocr_carea' id='block_1_19' title="bbox 2265 501 3858 574">
    <p class='ocr_par' dir='ltr' id='par_1_19' title="bbox 2265 501 3858 574">
     <span class='ocr_line' id='line_1_19' title="bbox 2265 501 3858 574; baseline 0.001 -15"><span class='ocrx_word' id='word_1_156' title='bbox 2265 502 2535 574; x_wconf 82' lang='lat' dir='ltr'><strong>Numquid</strong></span> <span class='ocrx_word' id='word_1_157' title='bbox 2565 503 2676 571; x_wconf 90' lang='lat' dir='ltr'><strong>ait,</strong></span> <span class='ocrx_word' id='word_1_158' title='bbox 2709 501 2904 560; x_wconf 83' lang='lat' dir='ltr'><strong>Tristis</strong></span> <span class='ocrx_word' id='word_1_159' title='bbox 2924 513 3007 559; x_wconf 90' lang='lat' dir='ltr'><strong>est</strong></span> <span class='ocrx_word' id='word_1_160' title='bbox 3033 503 3208 558; x_wconf 89' lang='lat' dir='ltr'><strong>anima</strong></span> <span class='ocrx_word' id='word_1_161' title='bbox 3239 518 3358 558; x_wconf 90' lang='lat' dir='ltr'><strong>mea</strong></span> <span class='ocrx_word' id='word_1_162' title='bbox 3392 512 3613 574; x_wconf 85' lang='lat' dir='ltr'><strong>propter</strong></span> <span class='ocrx_word' id='word_1_163' title='bbox 3634 515 3858 560; x_wconf 89' lang='lat' dir='ltr'><strong>mortem</strong></span> 
     </span>
    </p>
   </div>
   <div class='ocr_carea' id='block_1_20' title="bbox 2267 595 3857 668">
    <p class='ocr_par' dir='ltr' id='par_1_20' title="bbox 2267 595 3857 668">
     <span class='ocr_line' id='line_1_20' title="bbox 2267 595 3857 668; baseline 0.002 -17"><span class='ocrx_word' id='word_1_164' title='bbox 2267 595 2374 667; x_wconf 86' lang='lat' dir='ltr'><strong>(V.</strong></span> <span class='ocrx_word' id='word_1_165' title='bbox 2405 597 2494 652; x_wconf 96' lang='lat' dir='ltr'><strong>lib.</strong></span> <span class='ocrx_word' id='word_1_166' title='bbox 2523 613 2554 651; x_wconf 86' lang='lat' dir='ltr'><strong><em>x</em></strong></span> <span class='ocrx_word' id='word_1_167' title='bbox 2601 596 2665 651; x_wconf 85' lang='lat' dir='ltr'><strong>de</strong></span> <span class='ocrx_word' id='word_1_168' title='bbox 2711 595 2896 651; x_wconf 89' lang='lat' dir='ltr'><strong>Trinit.</strong></span> <span class='ocrx_word' id='word_1_169' title='bbox 2926 613 3069 652; x_wconf 86' lang='lat' dir='ltr'><strong>num.</strong></span> <span class='ocrx_word' id='word_1_170' title='bbox 3111 597 3204 668; x_wconf 79' lang='grc'>56)</span> <span class='ocrx_word' id='word_1_171' title='bbox 3225 597 3248 650; x_wconf 86' lang='lat'><strong>&#39;?</strong></span> <span class='ocrx_word' id='word_1_172' title='bbox 3270 596 3432 654; x_wconf 89' lang='lat' dir='ltr'><strong>Certe</strong></span> <span class='ocrx_word' id='word_1_173' title='bbox 3471 612 3580 654; x_wconf 92' lang='lat' dir='ltr'><strong>non</strong></span> <span class='ocrx_word' id='word_1_174' title='bbox 3611 598 3705 653; x_wconf 86' lang='lat' dir='ltr'><strong>ita.</strong></span> <span class='ocrx_word' id='word_1_175' title='bbox 3728 599 3857 654; x_wconf 87' lang='lat' dir='ltr'><strong>Nam</strong></span> 
     </span>
    </p>
   </div>
   <div class='ocr_carea' id='block_1_21' title="bbox 2265 687 3865 761">
    <p class='ocr_par' dir='ltr' id='par_1_21' title="bbox 2265 687 3865 761">
     <span class='ocr_line' id='line_1_21' title="bbox 2265 687 3865 761; baseline 0.002 -18"><span class='ocrx_word' id='word_1_176' title='bbox 2265 689 2313 743; x_wconf 89' lang='lat' dir='ltr'><strong>si</strong></span> <span class='ocrx_word' id='word_1_177' title='bbox 2343 689 2410 744; x_wconf 91' lang='lat' dir='ltr'><strong>de</strong></span> <span class='ocrx_word' id='word_1_178' title='bbox 2454 699 2628 744; x_wconf 90' lang='lat' dir='ltr'><strong>morte</strong></span> <span class='ocrx_word' id='word_1_179' title='bbox 2672 698 2786 744; x_wconf 87' lang='lat' dir='ltr'><strong>erat</strong></span> <span class='ocrx_word' id='word_1_180' title='bbox 2828 699 3027 756; x_wconf 87' lang='lat' dir='ltr'><strong>metus,</strong></span> <span class='ocrx_word' id='word_1_181' title='bbox 3065 687 3132 743; x_wconf 88' lang='lat' dir='ltr'><strong>ad</strong></span> <span class='ocrx_word' id='word_1_182' title='bbox 3163 703 3282 744; x_wconf 88' lang='lat' dir='ltr'><strong>eam</strong></span> <span class='ocrx_word' id='word_1_183' title='bbox 3321 690 3505 761; x_wconf 88' lang='lat' dir='ltr'><strong>utique</strong></span> <span class='ocrx_word' id='word_1_184' title='bbox 3533 688 3729 746; x_wconf 84' lang='lat' dir='ltr'><strong>referri</strong></span> <span class='ocrx_word' id='word_1_185' title='bbox 3771 707 3865 760; x_wconf 86' lang='lat' dir='ltr'><strong>per</strong></span> 
     </span>
    </p>
   </div>
   <div class='ocr_carea' id='block_1_22' title="bbox 2217 781 3869 854">
    <p class='ocr_par' dir='ltr' id='par_1_22' title="bbox 2217 781 3869 854">
     <span class='ocr_line' id='line_1_22' title="bbox 2217 781 3869 854; baseline 0 -16"><span class='ocrx_word' id='word_1_186' title='bbox 2217 812 2220 814; x_wconf 56' lang='grc' dir='ltr'><em>η</em></span> <span class='ocrx_word' id='word_1_187' title='bbox 2267 799 2426 854; x_wconf 87' lang='lat' dir='ltr'><strong>quam</strong></span> <span class='ocrx_word' id='word_1_188' title='bbox 2457 793 2571 838; x_wconf 90' lang='lat' dir='ltr'><strong>erat</strong></span> <span class='ocrx_word' id='word_1_189' title='bbox 2603 782 2809 838; x_wconf 85' lang='lat' dir='ltr'><strong>debuit.</strong></span> <span class='ocrx_word' id='word_1_190' title='bbox 2844 783 2951 839; x_wconf 92' lang='lat' dir='ltr'><strong>Sed</strong></span> <span class='ocrx_word' id='word_1_191' title='bbox 2977 782 3122 837; x_wconf 91' lang='lat' dir='ltr'><strong>aliud</strong></span> <span class='ocrx_word' id='word_1_192' title='bbox 3143 791 3227 838; x_wconf 90' lang='lat' dir='ltr'><strong>est</strong></span> <span class='ocrx_word' id='word_1_193' title='bbox 3253 798 3423 853; x_wconf 88' lang='lat' dir='ltr'><strong>usque</strong></span> <span class='ocrx_word' id='word_1_194' title='bbox 3442 781 3495 838; x_wconf 90' lang='lat' dir='ltr'><strong>in</strong></span> <span class='ocrx_word' id='word_1_195' title='bbox 3523 783 3598 849; x_wconf 88' lang='lat' dir='ltr'><strong>id,</strong></span> <span class='ocrx_word' id='word_1_196' title='bbox 3627 781 3775 839; x_wconf 85' lang='lat' dir='ltr'><strong>aliud</strong></span> <span class='ocrx_word' id='word_1_197' title='bbox 3795 782 3869 838; x_wconf 83' lang='lat' dir='ltr'><strong>ob</strong></span> 
     </span>
    </p>
   </div>
   <div class='ocr_carea' id='block_1_23' title="bbox 2268 875 3870 948">
    <p class='ocr_par' dir='ltr' id='par_1_23' title="bbox 2268 875 3870 948">
     <span class='ocr_line' id='line_1_23' title="bbox 2268 875 3870 948; baseline -0.001 -16"><span class='ocrx_word' id='word_1_198' title='bbox 2268 875 2320 932; x_wconf 90' lang='lat' dir='ltr'><strong>id</strong></span> <span class='ocrx_word' id='word_1_199' title='bbox 2351 886 2615 932; x_wconf 87' lang='lat' dir='ltr'><strong>metuere.</strong></span> <span class='ocrx_word' id='word_1_200' title='bbox 2648 878 2713 932; x_wconf 85' lang='lat' dir='ltr'><strong>Et</strong></span> <span class='ocrx_word' id='word_1_201' title='bbox 2737 891 2954 932; x_wconf 83' lang='lat' dir='ltr'><strong>causam</strong></span> <span class='ocrx_word' id='word_1_202' title='bbox 2983 892 3087 932; x_wconf 92' lang='lat' dir='ltr'><strong>non</strong></span> <span class='ocrx_word' id='word_1_203' title='bbox 3113 875 3240 932; x_wconf 81' lang='lat' dir='ltr'><strong>facit</strong></span> <span class='ocrx_word' id='word_1_204' title='bbox 3260 876 3516 948; x_wconf 87' lang='lat' dir='ltr'><strong>quidquid</strong></span> <span class='ocrx_word' id='word_1_205' title='bbox 3543 876 3598 932; x_wconf 90' lang='lat' dir='ltr'><strong>in</strong></span> <span class='ocrx_word' id='word_1_206' title='bbox 3630 877 3738 932; x_wconf 88' lang='lat' dir='ltr'><strong>ﬁne</strong></span> <span class='ocrx_word' id='word_1_207' title='bbox 3757 886 3870 946; x_wconf 90' lang='lat' dir='ltr'><strong>est,</strong></span> 
     </span>
    </p>
   </div>
   <div class='ocr_carea' id='block_1_24' title="bbox 2268 970 3872 1044">
    <p class='ocr_par' dir='ltr' id='par_1_24' title="bbox 2268 970 3872 1044">
     <span class='ocr_line' id='line_1_24' title="bbox 2268 970 3872 1044; baseline -0.001 -17"><span class='ocrx_word' id='word_1_208' title='bbox 2268 971 2392 1042; x_wconf 87' lang='lat' dir='ltr'><strong>quia</strong></span> <span class='ocrx_word' id='word_1_209' title='bbox 2413 988 2583 1044; x_wconf 90' lang='lat' dir='ltr'><strong>usque</strong></span> <span class='ocrx_word' id='word_1_210' title='bbox 2607 971 2659 1027; x_wconf 91' lang='lat' dir='ltr'><strong>in</strong></span> <span class='ocrx_word' id='word_1_211' title='bbox 2687 971 2739 1028; x_wconf 89' lang='lat' dir='ltr'><strong>id</strong></span> <span class='ocrx_word' id='word_1_212' title='bbox 2765 971 2908 1043; x_wconf 91' lang='lat' dir='ltr'><strong>quod</strong></span> <span class='ocrx_word' id='word_1_213' title='bbox 2931 972 2998 1027; x_wconf 89' lang='lat' dir='ltr'><strong>ab</strong></span> <span class='ocrx_word' id='word_1_214' title='bbox 3025 971 3195 1027; x_wconf 90' lang='lat' dir='ltr'><strong>altero</strong></span> <span class='ocrx_word' id='word_1_215' title='bbox 3208 980 3444 1041; x_wconf 74' lang='lat' dir='ltr'><strong>emptum</strong></span> <span class='ocrx_word' id='word_1_216' title='bbox 3467 972 3537 1026; x_wconf 89' lang='lat' dir='ltr'><strong>sit</strong></span> <span class='ocrx_word' id='word_1_217' title='bbox 3555 970 3872 1027; x_wconf 80' lang='lat' dir='ltr'><strong>differatur.</strong></span> 
     </span>
    </p>
   </div>
   <div class='ocr_carea' id='block_1_25' title="bbox 2270 1061 3871 1134">
    <p class='ocr_par' dir='ltr' id='par_1_25' title="bbox 2270 1061 3871 1134">
     <span class='ocr_line' id='line_1_25' title="bbox 2270 1061 3871 1134; baseline -0.002 -14"><span class='ocrx_word' id='word_1_218' title='bbox 2270 1062 2529 1134; x_wconf 87' lang='lat' dir='ltr'><strong>Superius</strong></span> <span class='ocrx_word' id='word_1_219' title='bbox 2575 1063 2736 1134; x_wconf 79' lang='lat' dir='ltr'><strong>igitur</strong></span> <span class='ocrx_word' id='word_1_220' title='bbox 2761 1062 3007 1128; x_wconf 80' lang='lat' dir='ltr'><strong>dixerat,</strong></span> <span class='ocrx_word' id='word_1_221' title='bbox 3049 1061 3370 1117; x_wconf 86' lang='lat' dir='ltr'><strong>Scandalum</strong></span> <span class='ocrx_word' id='word_1_222' title='bbox 3399 1062 3660 1131; x_wconf 90' lang='lat' dir='ltr'><strong>patiemini</strong></span> <span class='ocrx_word' id='word_1_223' title='bbox 3698 1063 3754 1116; x_wconf 88' lang='lat' dir='ltr'><strong>in</strong></span> <span class='ocrx_word' id='word_1_224' title='bbox 3784 1077 3871 1116; x_wconf 90' lang='lat' dir='ltr'><strong>mc</strong></span> 
     </span>
    </p>
   </div>
   <div class='ocr_carea' id='block_1_26' title="bbox 2268 1153 3869 1228">
    <p class='ocr_par' dir='ltr' id='par_1_26' title="bbox 2268 1153 3869 1228">
     <span class='ocr_line' id='line_1_26' title="bbox 2268 1153 3869 1228; baseline 0.001 -20"><span class='ocrx_word' id='word_1_225' title='bbox 2268 1155 2322 1209; x_wconf 89' lang='lat' dir='ltr'><strong>in</strong></span> <span class='ocrx_word' id='word_1_226' title='bbox 2340 1155 2438 1210; x_wconf 90' lang='lat' dir='ltr'><strong>ista</strong></span> <span class='ocrx_word' id='word_1_227' title='bbox 2477 1166 2622 1210; x_wconf 86' lang='lat' dir='ltr'><strong>nocte</strong></span> <span class='ocrx_word' id='word_1_228' title='bbox 2641 1154 2856 1228; x_wconf 82' lang='lat' dir='ltr'><strong>(Matth.</strong></span> <span class='ocrx_word' id='word_1_229' title='bbox 2887 1171 3012 1210; x_wconf 70' lang='lat' dir='ltr'><strong>xxv:</strong></span> <span class='ocrx_word' id='word_1_230' title='bbox 3037 1195 3054 1222; x_wconf 93' lang='lat'><strong>,</strong></span> <span class='ocrx_word' id='word_1_231' title='bbox 3085 1154 3198 1226; x_wconf 78' lang='grc'>51).</span> <span class='ocrx_word' id='word_1_232' title='bbox 3228 1153 3446 1209; x_wconf 89' lang='lat' dir='ltr'><strong>Sciebat</strong></span> <span class='ocrx_word' id='word_1_233' title='bbox 3471 1154 3869 1223; x_wconf 79' lang='lat' dir='ltr'><strong>exterrendos,</strong></span> 
     </span>
    </p>
   </div>
   <div class='ocr_carea' id='block_1_27' title="bbox 2273 1245 3873 1318">
    <p class='ocr_par' dir='ltr' id='par_1_27' title="bbox 2273 1245 3873 1318">
     <span class='ocr_line' id='line_1_27' title="bbox 2273 1245 3873 1318; baseline 0.001 -17"><span class='ocrx_word' id='word_1_234' title='bbox 2273 1245 2536 1317; x_wconf 85' lang='lat' dir='ltr'><strong>fugandos</strong></span> <span class='ocrx_word' id='word_1_235' title='bbox 2557 1289 2572 1313; x_wconf 92' lang='lat'><strong>,</strong></span> <span class='ocrx_word' id='word_1_236' title='bbox 2600 1257 2896 1318; x_wconf 85' lang='lat' dir='ltr'><strong>negaturos</strong></span> <span class='ocrx_word' id='word_1_237' title='bbox 2930 1265 2944 1302; x_wconf 90' lang='lat'><strong>:</strong></span> <span class='ocrx_word' id='word_1_238' title='bbox 2977 1245 3072 1303; x_wconf 89' lang='lat' dir='ltr'><strong>sed</strong></span> <span class='ocrx_word' id='word_1_239' title='bbox 3113 1245 3239 1317; x_wconf 88' lang='lat' dir='ltr'><strong>quia</strong></span> <span class='ocrx_word' id='word_1_240' title='bbox 3269 1245 3502 1316; x_wconf 86' lang='lat' dir='ltr'><strong>Spiritus</strong></span> <span class='ocrx_word' id='word_1_241' title='bbox 3533 1246 3873 1317; x_wconf 83' lang='lat' dir='ltr'><strong>blasphemia</strong></span> 
     </span>
    </p>
   </div>
   <div class='ocr_carea' id='block_1_28' title="bbox 2274 1339 3874 1407">
    <p class='ocr_par' dir='ltr' id='par_1_28' title="bbox 2274 1339 3874 1407">
     <span class='ocr_line' id='line_1_28' title="bbox 2274 1339 3874 1407; baseline 0 -11"><span class='ocrx_word' id='word_1_242' title='bbox 2274 1357 2374 1397; x_wconf 90' lang='lat' dir='ltr'><strong>nec</strong></span> <span class='ocrx_word' id='word_1_243' title='bbox 2402 1341 2492 1397; x_wconf 89' lang='lat' dir='ltr'><strong>hic</strong></span> <span class='ocrx_word' id='word_1_244' title='bbox 2535 1356 2635 1398; x_wconf 90' lang='lat' dir='ltr'><strong>nec</strong></span> <span class='ocrx_word' id='word_1_245' title='bbox 2663 1341 2715 1396; x_wconf 92' lang='lat' dir='ltr'><strong>in</strong></span> <span class='ocrx_word' id='word_1_246' title='bbox 2762 1350 3025 1398; x_wconf 67' lang='lat' dir='ltr'><strong>aeternum</strong></span> <span class='ocrx_word' id='word_1_247' title='bbox 3069 1339 3384 1407; x_wconf 88' lang='lat' dir='ltr'><strong>remittitur,</strong></span> <span class='ocrx_word' id='word_1_248' title='bbox 3411 1340 3686 1397; x_wconf 90' lang='lat' dir='ltr'><strong>metuebat</strong></span> <span class='ocrx_word' id='word_1_249' title='bbox 3709 1357 3780 1397; x_wconf 90' lang='lat' dir='ltr'><strong>ne</strong></span> <span class='ocrx_word' id='word_1_250' title='bbox 3807 1355 3874 1396; x_wconf 87' lang='lat' dir='ltr'><strong>se</strong></span> 
     </span>
    </p>
   </div>
   <div class='ocr_carea' id='block_1_29' title="bbox 2272 1433 3875 1504">
    <p class='ocr_par' dir='ltr' id='par_1_29' title="bbox 2272 1433 3875 1504">
     <span class='ocr_line' id='line_1_29' title="bbox 2272 1433 3875 1504; baseline -0.001 -14"><span class='ocrx_word' id='word_1_251' title='bbox 2272 1435 2442 1490; x_wconf 92' lang='lat' dir='ltr'><strong>Deum</strong></span> <span class='ocrx_word' id='word_1_252' title='bbox 2501 1433 2848 1504; x_wconf 81' lang='lat' dir='ltr'><strong>abnegarent,</strong></span> <span class='ocrx_word' id='word_1_253' title='bbox 2895 1448 3056 1504; x_wconf 90' lang='lat' dir='ltr'><strong>quem</strong></span> <span class='ocrx_word' id='word_1_254' title='bbox 3097 1447 3298 1488; x_wconf 84' lang='lat' dir='ltr'><strong>caesum</strong></span> <span class='ocrx_word' id='word_1_255' title='bbox 3351 1439 3408 1488; x_wconf 87' lang='lat' dir='ltr'><strong>et</strong></span> <span class='ocrx_word' id='word_1_256' title='bbox 3447 1442 3769 1504; x_wconf 89' lang='lat' dir='ltr'><strong>consputum</strong></span> <span class='ocrx_word' id='word_1_257' title='bbox 3813 1442 3875 1489; x_wconf 85' lang='lat' dir='ltr'><strong>et</strong></span> 
     </span>
    </p>
   </div>
   <div class='ocr_carea' id='block_1_30' title="bbox 2271 1527 3875 1600">
    <p class='ocr_par' dir='ltr' id='par_1_30' title="bbox 2271 1527 3875 1600">
     <span class='ocr_line' id='line_1_30' title="bbox 2271 1527 3875 1600; baseline 0.001 -17"><span class='ocrx_word' id='word_1_258' title='bbox 2271 1529 2586 1585; x_wconf 80' lang='lat' dir='ltr'><strong>cruciﬁxum</strong></span> <span class='ocrx_word' id='word_1_259' title='bbox 2610 1539 2794 1586; x_wconf 88' lang='lat' dir='ltr'><strong>essent</strong></span> <span class='ocrx_word' id='word_1_260' title='bbox 2821 1527 3258 1600; x_wconf 88' lang='lat' dir='ltr'><strong>eontemplaturi.</strong></span> <span class='ocrx_word' id='word_1_261' title='bbox 3303 1528 3435 1597; x_wconf 69' lang='lat' dir='ltr'><strong>Quae</strong></span> <span class='ocrx_word' id='word_1_262' title='bbox 3479 1529 3618 1586; x_wconf 86' lang='lat' dir='ltr'><strong>ratio</strong></span> <span class='ocrx_word' id='word_1_263' title='bbox 3656 1537 3875 1585; x_wconf 75' lang='lat' dir='ltr'><strong>servata</strong></span> 
     </span>
    </p>
   </div>
   <div class='ocr_carea' id='block_1_31' title="bbox 2274 1620 3874 1698">
    <p class='ocr_par' dir='ltr' id='par_1_31' title="bbox 2274 1620 3874 1698">
     <span class='ocr_line' id='line_1_31' title="bbox 2274 1620 3874 1698; baseline 0.001 -24"><span class='ocrx_word' id='word_1_264' title='bbox 2274 1620 2326 1675; x_wconf 93' lang='lat' dir='ltr'><strong>in</strong></span> <span class='ocrx_word' id='word_1_265' title='bbox 2361 1621 2524 1698; x_wconf 83' lang='lat' dir='ltr'><strong>Petro</strong></span> <span class='ocrx_word' id='word_1_266' title='bbox 2552 1631 2656 1686; x_wconf 90' lang='lat' dir='ltr'><strong>est,</strong></span> <span class='ocrx_word' id='word_1_267' title='bbox 2687 1623 2779 1694; x_wconf 88' lang='lat' dir='ltr'><strong>qui</strong></span> <span class='ocrx_word' id='word_1_268' title='bbox 2818 1637 2940 1678; x_wconf 88' lang='lat' dir='ltr'><strong>eum</strong></span> <span class='ocrx_word' id='word_1_269' title='bbox 2968 1632 3260 1694; x_wconf 79' lang='lat' dir='ltr'><strong>negaturus</strong></span> <span class='ocrx_word' id='word_1_270' title='bbox 3285 1630 3470 1687; x_wconf 90' lang='lat' dir='ltr'><strong>esset,</strong></span> <span class='ocrx_word' id='word_1_271' title='bbox 3516 1623 3589 1678; x_wconf 88' lang='lat' dir='ltr'><strong>ita</strong></span> <span class='ocrx_word' id='word_1_272' title='bbox 3618 1623 3874 1690; x_wconf 76' lang='lat' dir='ltr'><strong>negavit:</strong></span> 
     </span>
    </p>
   </div>
   <div class='ocr_carea' id='block_1_32' title="bbox 2275 1713 3877 1787">
    <p class='ocr_par' dir='ltr' id='par_1_32' title="bbox 2275 1713 3877 1787">
     <span class='ocr_line' id='line_1_32' title="bbox 2275 1713 3877 1787; baseline 0.002 -20"><span class='ocrx_word' id='word_1_273' title='bbox 2275 1713 2402 1768; x_wconf 90' lang='lat' dir='ltr'><strong>Non</strong></span> <span class='ocrx_word' id='word_1_274' title='bbox 2419 1715 2534 1769; x_wconf 87' lang='lat' dir='ltr'><strong>novi</strong></span> <span class='ocrx_word' id='word_1_275' title='bbox 2554 1713 2812 1771; x_wconf 83' lang='lat' dir='ltr'><strong>hominem</strong></span> <span class='ocrx_word' id='word_1_276' title='bbox 2834 1715 3026 1787; x_wconf 87' lang='lat' dir='ltr'><strong>(lbid.,</strong></span> <span class='ocrx_word' id='word_1_277' title='bbox 3055 1714 3146 1786; x_wconf 70' lang='lat'><strong>72)</strong></span> <span class='ocrx_word' id='word_1_278' title='bbox 3181 1732 3195 1769; x_wconf 88' lang='lat'><strong>:</strong></span> <span class='ocrx_word' id='word_1_279' title='bbox 3221 1715 3346 1787; x_wconf 87' lang='lat' dir='ltr'><strong>quia</strong></span> <span class='ocrx_word' id='word_1_280' title='bbox 3362 1714 3567 1772; x_wconf 84' lang='lat' dir='ltr'><strong>dictum</strong></span> <span class='ocrx_word' id='word_1_281' title='bbox 3592 1714 3795 1786; x_wconf 89' lang='lat' dir='ltr'><strong>aliquid</strong></span> <span class='ocrx_word' id='word_1_282' title='bbox 3818 1716 3877 1770; x_wconf 90' lang='lat' dir='ltr'><strong>in</strong></span> 
     </span>
    </p>
   </div>
   <div class='ocr_carea' id='block_1_33' title="bbox 569 1796 3880 1884">
    <p class='ocr_par' dir='ltr' id='par_1_33' title="bbox 569 1796 3880 1884">
     <span class='ocr_line' id='line_1_33' title="bbox 569 1796 3880 1884; baseline -0.002 -16"><span class='ocrx_word' id='word_1_283' title='bbox 569 1799 712 1871; x_wconf 74' lang='grc' dir='ltr'><strong>(ιυοά</strong></span> <span class='ocrx_word' id='word_1_284' title='bbox 736 1801 781 1853; x_wconf 75' lang='grc' dir='ltr'><strong>ίδ</strong></span> <span class='ocrx_word' id='word_1_285' title='bbox 811 1799 928 1868; x_wconf 71' lang='lat' dir='ltr'><strong>ipse</strong></span> <span class='ocrx_word' id='word_1_286' title='bbox 958 1807 1041 1854; x_wconf 75' lang='grc' dir='ltr'><strong>εει</strong></span> <span class='ocrx_word' id='word_1_287' title='bbox 1063 1812 1230 1867; x_wconf 73' lang='lat' dir='ltr'><strong>Penes</strong></span> <span class='ocrx_word' id='word_1_288' title='bbox 1249 1813 1410 1868; x_wconf 74' lang='grc' dir='ltr'><strong>(ιυθιη</strong></span> <span class='ocrx_word' id='word_1_289' title='bbox 1439 1809 1556 1853; x_wconf 64' lang='lat' dir='ltr'><strong>eral</strong></span> <span class='ocrx_word' id='word_1_290' title='bbox 1584 1796 1662 1871; x_wconf 82' lang='grc' dir='ltr'><strong>(ά)</strong></span> <span class='ocrx_word' id='word_1_291' title='bbox 1689 1807 1812 1853; x_wconf 62' lang='lat' dir='ltr'><strong>ante</strong></span> <span class='ocrx_word' id='word_1_292' title='bbox 1850 1813 2009 1868; x_wconf 79' lang='lat' dir='ltr'><strong>quam</strong></span> <span class='ocrx_word' id='word_1_293' title='bbox 2043 1811 2167 1852; x_wconf 72' lang='lat' dir='ltr'><strong>MS-</strong></span> <span class='ocrx_word' id='word_1_294' title='bbox 2197 1811 2244 1872; x_wconf 86' lang='lat' dir='ltr'><strong>B</strong></span> <span class='ocrx_word' id='word_1_295' title='bbox 2276 1806 2444 1862; x_wconf 88' lang='lat' dir='ltr'><strong>ﬁlium</strong></span> <span class='ocrx_word' id='word_1_296' title='bbox 2474 1807 2711 1864; x_wconf 88' lang='lat' dir='ltr'><strong>hominis</strong></span> <span class='ocrx_word' id='word_1_297' title='bbox 2750 1808 3075 1884; x_wconf 87' lang='lat' dir='ltr'><strong>remittetur.</strong></span> <span class='ocrx_word' id='word_1_298' title='bbox 3115 1807 3307 1864; x_wconf 85' lang='lat' dir='ltr'><strong>Tristis</strong></span> <span class='ocrx_word' id='word_1_299' title='bbox 3345 1823 3475 1879; x_wconf 88' lang='lat' dir='ltr'><strong>ergo</strong></span> <span class='ocrx_word' id='word_1_300' title='bbox 3512 1817 3596 1864; x_wconf 89' lang='lat' dir='ltr'><strong>est</strong></span> <span class='ocrx_word' id='word_1_301' title='bbox 3618 1824 3777 1879; x_wconf 81' lang='lat' dir='ltr'><strong>usque</strong></span> <span class='ocrx_word' id='word_1_302' title='bbox 3803 1806 3880 1862; x_wconf 83' lang='lat' dir='ltr'><strong>ad</strong></span> 
     </span>
    </p>
   </div>
   <div class='ocr_carea' id='block_1_34' title="bbox 568 1889 2166 1961">
    <p class='ocr_par' dir='ltr' id='par_1_34' title="bbox 568 1889 2166 1961">
     <span class='ocr_line' id='line_1_34' title="bbox 568 1889 2166 1961; baseline -0.004 -11"><span class='ocrx_word' id='word_1_303' title='bbox 568 1900 822 1950; x_wconf 87' lang='lat' dir='ltr'><strong>ceretur:</strong></span> <span class='ocrx_word' id='word_1_304' title='bbox 855 1891 1099 1947; x_wconf 89' lang='lat' dir='ltr'><strong>eamdem</strong></span> <span class='ocrx_word' id='word_1_305' title='bbox 1149 1890 1356 1945; x_wconf 88' lang='lat' dir='ltr'><strong>scilicet</strong></span> <span class='ocrx_word' id='word_1_306' title='bbox 1416 1891 1774 1945; x_wconf 71' lang='lat' dir='ltr'><strong>mternitatem</strong></span> <span class='ocrx_word' id='word_1_307' title='bbox 1818 1904 1941 1946; x_wconf 88' lang='lat' dir='ltr'><strong>esse</strong></span> <span class='ocrx_word' id='word_1_308' title='bbox 1981 1897 2036 1945; x_wconf 86' lang='lat' dir='ltr'><strong>et</strong></span> <span class='ocrx_word' id='word_1_309' title='bbox 2081 1889 2166 1961; x_wconf 86' lang='lat' dir='ltr'><strong>gi-</strong></span> 
     </span>
    </p>
   </div>
   <div class='ocr_carea' id='block_1_35' title="bbox 567 1981 2166 2058">
    <p class='ocr_par' dir='ltr' id='par_1_35' title="bbox 567 1981 2166 2058">
     <span class='ocr_line' id='line_1_35' title="bbox 567 1981 2166 2058; baseline -0.002 -17"><span class='ocrx_word' id='word_1_310' title='bbox 567 1987 784 2058; x_wconf 87' lang='lat' dir='ltr'><strong>gnentis</strong></span> <span class='ocrx_word' id='word_1_311' title='bbox 805 1993 863 2041; x_wconf 87' lang='lat' dir='ltr'><strong>et</strong></span> <span class='ocrx_word' id='word_1_312' title='bbox 887 1984 1073 2055; x_wconf 83' lang='lat' dir='ltr'><strong>geniti.</strong></span> <span class='ocrx_word' id='word_1_313' title='bbox 1096 1982 1228 2037; x_wconf 89' lang='lat' dir='ltr'><strong>Mori</strong></span> <span class='ocrx_word' id='word_1_314' title='bbox 1253 1981 1413 2052; x_wconf 85' lang='lat' dir='ltr'><strong>igitur</strong></span> <span class='ocrx_word' id='word_1_315' title='bbox 1442 1982 1576 2037; x_wconf 87' lang='lat' dir='ltr'><strong>nihil</strong></span> <span class='ocrx_word' id='word_1_316' title='bbox 1607 1983 1660 2036; x_wconf 94' lang='lat' dir='ltr'><strong>in</strong></span> <span class='ocrx_word' id='word_1_317' title='bbox 1690 1983 1800 2038; x_wconf 90' lang='lat' dir='ltr'><strong>Deo</strong></span> <span class='ocrx_word' id='word_1_318' title='bbox 1829 1983 2034 2052; x_wconf 90' lang='lat' dir='ltr'><strong>potuit,</strong></span> <span class='ocrx_word' id='word_1_319' title='bbox 2068 1999 2166 2038; x_wconf 89' lang='lat' dir='ltr'><strong>ne-</strong></span> 
     </span>
    </p>
   </div>
   <div class='ocr_carea' id='block_1_36' title="bbox 567 2074 2168 2151">
    <p class='ocr_par' dir='ltr' id='par_1_36' title="bbox 567 2074 2168 2151">
     <span class='ocr_line' id='line_1_36' title="bbox 567 2074 2168 2151; baseline -0.002 -17"><span class='ocrx_word' id='word_1_320' title='bbox 567 2097 673 2151; x_wconf 88' lang='lat' dir='ltr'><strong>que</strong></span> <span class='ocrx_word' id='word_1_321' title='bbox 695 2095 763 2136; x_wconf 84' lang='lat' dir='ltr'><strong>ex</strong></span> <span class='ocrx_word' id='word_1_322' title='bbox 795 2093 854 2134; x_wconf 91' lang='lat' dir='ltr'><strong>se</strong></span> <span class='ocrx_word' id='word_1_323' title='bbox 885 2087 1059 2134; x_wconf 90' lang='lat' dir='ltr'><strong>metus</strong></span> <span class='ocrx_word' id='word_1_324' title='bbox 1083 2077 1194 2131; x_wconf 88' lang='lat' dir='ltr'><strong>Deo</strong></span> <span class='ocrx_word' id='word_1_325' title='bbox 1222 2075 1363 2131; x_wconf 91' lang='lat' dir='ltr'><strong>ullus</strong></span> <span class='ocrx_word' id='word_1_326' title='bbox 1389 2085 1491 2130; x_wconf 93' lang='lat' dir='ltr'><strong>est.</strong></span> <span class='ocrx_word' id='word_1_327' title='bbox 1525 2074 1583 2130; x_wconf 85' lang='lat' dir='ltr'><strong>in</strong></span> <span class='ocrx_word' id='word_1_328' title='bbox 1613 2074 1829 2132; x_wconf 90' lang='lat' dir='ltr'><strong>Christo</strong></span> <span class='ocrx_word' id='word_1_329' title='bbox 1851 2076 1994 2131; x_wconf 90' lang='lat' dir='ltr'><strong>enim</strong></span> <span class='ocrx_word' id='word_1_330' title='bbox 2025 2074 2168 2131; x_wconf 91' lang='lat' dir='ltr'><strong>Deus</strong></span> 
     </span>
    </p>
   </div>
   <div class='ocr_carea' id='block_1_37' title="bbox 567 2166 1950 2238">
    <p class='ocr_par' dir='ltr' id='par_1_37' title="bbox 567 2166 1950 2238">
     <span class='ocr_line' id='line_1_37' title="bbox 567 2166 1950 2238; baseline -0.004 -10"><span class='ocrx_word' id='word_1_331' title='bbox 567 2180 685 2228; x_wconf 90' lang='lat' dir='ltr'><strong>erat</strong></span> <span class='ocrx_word' id='word_1_332' title='bbox 707 2169 971 2227; x_wconf 91' lang='lat' dir='ltr'><strong>mundum</strong></span> <span class='ocrx_word' id='word_1_333' title='bbox 1000 2167 1357 2224; x_wconf 89' lang='lat' dir='ltr'><strong>reconcilians</strong></span> <span class='ocrx_word' id='word_1_334' title='bbox 1385 2167 1486 2222; x_wconf 89' lang='lat' dir='ltr'><strong>sibi</strong></span> <span class='ocrx_word' id='word_1_335' title='bbox 1511 2166 1579 2237; x_wconf 92' lang='lat' dir='ltr'><strong>(ll</strong></span> <span class='ocrx_word' id='word_1_336' title='bbox 1603 2166 1722 2223; x_wconf 88' lang='lat' dir='ltr'><strong>Cor.</strong></span> <span class='ocrx_word' id='word_1_337' title='bbox 1755 2184 1807 2232; x_wconf 86' lang='lat' dir='ltr'><strong>v,</strong></span> <span class='ocrx_word' id='word_1_338' title='bbox 1837 2166 1950 2238; x_wconf 81' lang='grc'><strong>19).</strong></span> 
     </span>
    </p>
   </div>
   <div class='ocr_carea' id='block_1_38' title="bbox 636 2258 2170 2331">
    <p class='ocr_par' dir='ltr' id='par_1_38' title="bbox 636 2258 2170 2331">
     <span class='ocr_line' id='line_1_38' title="bbox 636 2258 2170 2331; baseline -0.003 -12"><span class='ocrx_word' id='word_1_339' title='bbox 636 2267 691 2320; x_wconf 71' lang='grc'><strong>4.</strong></span> <span class='ocrx_word' id='word_1_340' title='bbox 740 2263 974 2318; x_wconf 77' lang='lat' dir='ltr'><strong>Tristitia</strong></span> <span class='ocrx_word' id='word_1_341' title='bbox 1001 2261 1196 2317; x_wconf 77' lang='lat' dir='ltr'><strong>Christi</strong></span> <span class='ocrx_word' id='word_1_342' title='bbox 1225 2275 1327 2315; x_wconf 87' lang='lat' dir='ltr'><strong>non</strong></span> <span class='ocrx_word' id='word_1_343' title='bbox 1359 2259 1423 2314; x_wconf 83' lang='lat' dir='ltr'><strong>de</strong></span> <span class='ocrx_word' id='word_1_344' title='bbox 1449 2275 1524 2324; x_wconf 86' lang='lat' dir='ltr'><strong>sc,</strong></span> <span class='ocrx_word' id='word_1_345' title='bbox 1550 2258 1639 2313; x_wconf 88' lang='lat' dir='ltr'><strong>sed</strong></span> <span class='ocrx_word' id='word_1_346' title='bbox 1663 2258 1726 2313; x_wconf 83' lang='lat' dir='ltr'><strong>de</strong></span> <span class='ocrx_word' id='word_1_347' title='bbox 1747 2259 2013 2331; x_wconf 80' lang='lat' dir='ltr'><strong>discipulis</strong></span> <span class='ocrx_word' id='word_1_348' title='bbox 2055 2268 2170 2315; x_wconf 88' lang='lat' dir='ltr'><strong>orta</strong></span> 
     </span>
    </p>
   </div>
   <div class='ocr_carea' id='block_1_39' title="bbox 570 2351 2171 2422">
    <p class='ocr_par' dir='ltr' id='par_1_39' title="bbox 570 2351 2171 2422">
     <span class='ocr_line' id='line_1_39' title="bbox 570 2351 2171 2422; baseline -0.003 -10"><span class='ocrx_word' id='word_1_349' title='bbox 570 2366 664 2413; x_wconf 85' lang='lat' dir='ltr'><strong>est.</strong></span> <span class='ocrx_word' id='word_1_350' title='bbox 697 2386 766 2398; x_wconf 89' lang='lat'><strong>—-—</strong></span> <span class='ocrx_word' id='word_1_351' title='bbox 813 2354 919 2410; x_wconf 89' lang='lat' dir='ltr'><strong>Sed</strong></span> <span class='ocrx_word' id='word_1_352' title='bbox 952 2351 1401 2422; x_wconf 87' lang='lat' dir='ltr'><strong>introspiciendus</strong></span> <span class='ocrx_word' id='word_1_353' title='bbox 1428 2351 1606 2406; x_wconf 92' lang='lat' dir='ltr'><strong>omnis</strong></span> <span class='ocrx_word' id='word_1_354' title='bbox 1636 2351 1726 2406; x_wconf 91' lang='lat' dir='ltr'><strong>hic</strong></span> <span class='ocrx_word' id='word_1_355' title='bbox 1753 2367 1932 2407; x_wconf 90' lang='lat' dir='ltr'><strong>sermo</strong></span> <span class='ocrx_word' id='word_1_356' title='bbox 1960 2360 2080 2420; x_wconf 89' lang='lat' dir='ltr'><strong>est,</strong></span> <span class='ocrx_word' id='word_1_357' title='bbox 2113 2361 2171 2407; x_wconf 92' lang='lat' dir='ltr'><strong>ut</strong></span> 
     </span>
    </p>
   </div>
   <div class='ocr_carea' id='block_1_40' title="bbox 567 2444 2170 2522">
    <p class='ocr_par' dir='ltr' id='par_1_40' title="bbox 567 2444 2170 2522">
     <span class='ocr_line' id='line_1_40' title="bbox 567 2444 2170 2522; baseline -0.003 -16"><span class='ocrx_word' id='word_1_358' title='bbox 567 2452 692 2522; x_wconf 91' lang='lat' dir='ltr'><strong>quia</strong></span> <span class='ocrx_word' id='word_1_359' title='bbox 716 2456 966 2506; x_wconf 61' lang='lat' dir='ltr'><strong>maestum</strong></span> <span class='ocrx_word' id='word_1_360' title='bbox 992 2447 1159 2502; x_wconf 88' lang='lat' dir='ltr'><strong>fuisse</strong></span> <span class='ocrx_word' id='word_1_361' title='bbox 1180 2446 1465 2501; x_wconf 90' lang='lat' dir='ltr'><strong>Dominum</strong></span> <span class='ocrx_word' id='word_1_362' title='bbox 1496 2444 1727 2515; x_wconf 90' lang='lat' dir='ltr'><strong>legimus</strong></span> <span class='ocrx_word' id='word_1_363' title='bbox 1745 2485 1762 2512; x_wconf 97' lang='lat'><strong>,</strong></span> <span class='ocrx_word' id='word_1_364' title='bbox 1795 2460 1984 2500; x_wconf 88' lang='lat' dir='ltr'><strong>causas</strong></span> <span class='ocrx_word' id='word_1_365' title='bbox 2006 2460 2170 2502; x_wconf 71' lang='lat' dir='ltr'><strong>moss-</strong></span> 
     </span>
    </p>
   </div>
   <div class='ocr_carea' id='block_1_41' title="bbox 568 2537 2170 2612">
    <p class='ocr_par' dir='ltr' id='par_1_41' title="bbox 568 2537 2170 2612">
     <span class='ocr_line' id='line_1_41' title="bbox 568 2537 2170 2612; baseline -0.004 -12"><span class='ocrx_word' id='word_1_366' title='bbox 568 2543 813 2601; x_wconf 89' lang='lat' dir='ltr'><strong>titudinis</strong></span> <span class='ocrx_word' id='word_1_367' title='bbox 861 2541 1215 2612; x_wconf 88' lang='lat' dir='ltr'><strong>reperiamus.</strong></span> <span class='ocrx_word' id='word_1_368' title='bbox 1248 2537 1619 2594; x_wconf 81' lang='lat' dir='ltr'><strong>Admonuerat</strong></span> <span class='ocrx_word' id='word_1_369' title='bbox 1665 2538 1947 2607; x_wconf 89' lang='lat' dir='ltr'><strong>superius,</strong></span> <span class='ocrx_word' id='word_1_370' title='bbox 1981 2552 2170 2594; x_wconf 92' lang='lat' dir='ltr'><strong>omnes</strong></span> 
     </span>
    </p>
   </div>
   <div class='ocr_carea' id='block_1_42' title="bbox 567 2629 2167 2699">
    <p class='ocr_par' dir='ltr' id='par_1_42' title="bbox 567 2629 2167 2699">
     <span class='ocr_line' id='line_1_42' title="bbox 567 2629 2167 2699; baseline -0.006 -6"><span class='ocrx_word' id='word_1_371' title='bbox 567 2635 1046 2694; x_wconf 84' lang='lat' dir='ltr'><strong>scamlalizaturos.</strong></span> <span class='ocrx_word' id='word_1_372' title='bbox 1079 2633 1271 2688; x_wconf 87' lang='lat' dir='ltr'><strong>Petrus</strong></span> <span class='ocrx_word' id='word_1_373' title='bbox 1303 2630 1373 2686; x_wconf 89' lang='lat' dir='ltr'><strong>de</strong></span> <span class='ocrx_word' id='word_1_374' title='bbox 1399 2646 1458 2686; x_wconf 90' lang='lat' dir='ltr'><strong>se</strong></span> <span class='ocrx_word' id='word_1_375' title='bbox 1481 2629 1758 2686; x_wconf 85' lang='lat' dir='ltr'><strong>conlidens</strong></span> <span class='ocrx_word' id='word_1_376' title='bbox 1781 2630 2167 2699; x_wconf 85' lang='lat' dir='ltr'><strong>responderat,</strong></span> 
     </span>
    </p>
   </div>
   <div class='ocr_carea' id='block_1_43' title="bbox 575 2725 2168 2797">
    <p class='ocr_par' dir='ltr' id='par_1_43' title="bbox 575 2725 2168 2797">
     <span class='ocr_line' id='line_1_43' title="bbox 575 2725 2168 2797; baseline -0.006 -12"><span class='ocrx_word' id='word_1_377' title='bbox 575 2729 787 2786; x_wconf 89' lang='lat' dir='ltr'><strong>etiamsi</strong></span> <span class='ocrx_word' id='word_1_378' title='bbox 808 2726 991 2782; x_wconf 70' lang='lat' dir='ltr'><strong>cmteri</strong></span> <span class='ocrx_word' id='word_1_379' title='bbox 1041 2725 1517 2797; x_wconf 87' lang='lat' dir='ltr'><strong>perturbarentur,</strong></span> <span class='ocrx_word' id='word_1_380' title='bbox 1554 2737 1612 2778; x_wconf 90' lang='lat' dir='ltr'><strong>se</strong></span> <span class='ocrx_word' id='word_1_381' title='bbox 1660 2737 1768 2776; x_wconf 92' lang='lat' dir='ltr'><strong>non</strong></span> <span class='ocrx_word' id='word_1_382' title='bbox 1816 2735 2168 2777; x_wconf 84' lang='lat' dir='ltr'><strong>commoven-</strong></span> 
     </span>
    </p>
   </div>
   <div class='ocr_carea' id='block_1_44' title="bbox 570 2815 2172 2892">
    <p class='ocr_par' dir='ltr' id='par_1_44' title="bbox 570 2815 2172 2892">
     <span class='ocr_line' id='line_1_44' title="bbox 570 2815 2172 2892; baseline -0.007 -13"><span class='ocrx_word' id='word_1_383' title='bbox 570 2823 698 2879; x_wconf 90' lang='lat' dir='ltr'><strong>dum</strong></span> <span class='ocrx_word' id='word_1_384' title='bbox 733 2840 746 2876; x_wconf 94' lang='lat'>:</span> <span class='ocrx_word' id='word_1_385' title='bbox 776 2835 935 2892; x_wconf 89' lang='lat' dir='ltr'><strong>quem</strong></span> <span class='ocrx_word' id='word_1_386' title='bbox 967 2819 1223 2873; x_wconf 89' lang='lat' dir='ltr'><strong>Dominus</strong></span> <span class='ocrx_word' id='word_1_387' title='bbox 1247 2815 1408 2872; x_wconf 90' lang='lat' dir='ltr'><strong>etiam</strong></span> <span class='ocrx_word' id='word_1_388' title='bbox 1444 2824 1524 2871; x_wconf 93' lang='lat' dir='ltr'><strong>ter</strong></span> <span class='ocrx_word' id='word_1_389' title='bbox 1554 2822 1874 2884; x_wconf 89' lang='lat' dir='ltr'><strong>negaturum</strong></span> <span class='ocrx_word' id='word_1_390' title='bbox 1919 2828 2040 2869; x_wconf 89' lang='lat' dir='ltr'><strong>esse</strong></span> <span class='ocrx_word' id='word_1_391' title='bbox 2084 2828 2172 2868; x_wconf 90' lang='lat' dir='ltr'><strong>re-</strong></span> 
     </span>
    </p>
   </div>
   <div class='ocr_carea' id='block_1_45' title="bbox 567 2904 2171 2986">
    <p class='ocr_par' dir='ltr' id='par_1_45' title="bbox 567 2904 2171 2986">
     <span class='ocr_line' id='line_1_45' title="bbox 567 2904 2171 2986; baseline -0.008 -15"><span class='ocrx_word' id='word_1_392' title='bbox 567 2913 809 2986; x_wconf 89' lang='lat' dir='ltr'><strong>spondit.</strong></span> <span class='ocrx_word' id='word_1_393' title='bbox 839 2911 946 2968; x_wconf 87' lang='lat' dir='ltr'><strong>Sed</strong></span> <span class='ocrx_word' id='word_1_394' title='bbox 975 2920 1027 2966; x_wconf 91' lang='lat' dir='ltr'><strong>et</strong></span> <span class='ocrx_word' id='word_1_395' title='bbox 1054 2910 1146 2965; x_wconf 88' lang='lat' dir='ltr'><strong>ille</strong></span> <span class='ocrx_word' id='word_1_396' title='bbox 1168 2919 1222 2965; x_wconf 92' lang='lat' dir='ltr'><strong>et</strong></span> <span class='ocrx_word' id='word_1_397' title='bbox 1245 2907 1426 2964; x_wconf 75' lang='lat' dir='ltr'><strong>caeteri</strong></span> <span class='ocrx_word' id='word_1_398' title='bbox 1449 2922 1636 2962; x_wconf 92' lang='lat' dir='ltr'><strong>omnes</strong></span> <span class='ocrx_word' id='word_1_399' title='bbox 1656 2905 1926 2976; x_wconf 86' lang='lat' dir='ltr'><strong>discipuli,</strong></span> <span class='ocrx_word' id='word_1_400' title='bbox 1959 2919 2024 2960; x_wconf 89' lang='lat' dir='ltr'><strong>ne</strong></span> <span class='ocrx_word' id='word_1_401' title='bbox 2048 2904 2094 2959; x_wconf 90' lang='lat' dir='ltr'><strong>si</strong></span> <span class='ocrx_word' id='word_1_402' title='bbox 2116 2907 2171 2958; x_wconf 90' lang='lat' dir='ltr'><strong>in</strong></span> 
     </span>
    </p>
   </div>
   <div class='ocr_carea' id='block_1_46' title="bbox 566 3003 2168 3082">
    <p class='ocr_par' dir='ltr' id='par_1_46' title="bbox 566 3003 2168 3082">
     <span class='ocr_line' id='line_1_46' title="bbox 566 3003 2168 3082; baseline -0.006 -14"><span class='ocrx_word' id='word_1_403' title='bbox 566 3011 687 3082; x_wconf 89' lang='lat' dir='ltr'><strong>ipsa</strong></span> <span class='ocrx_word' id='word_1_404' title='bbox 719 3008 934 3080; x_wconf 89' lang='lat' dir='ltr'><strong>quidem</strong></span> <span class='ocrx_word' id='word_1_405' title='bbox 966 3016 1138 3063; x_wconf 90' lang='lat' dir='ltr'><strong>morte</strong></span> <span class='ocrx_word' id='word_1_406' title='bbox 1184 3005 1345 3076; x_wconf 87' lang='lat' dir='ltr'><strong>positi</strong></span> <span class='ocrx_word' id='word_1_407' title='bbox 1391 3004 1520 3066; x_wconf 88' lang='lat' dir='ltr'><strong>sint,</strong></span> <span class='ocrx_word' id='word_1_408' title='bbox 1550 3003 1873 3072; x_wconf 90' lang='lat' dir='ltr'><strong>pollicentur</strong></span> <span class='ocrx_word' id='word_1_409' title='bbox 1917 3016 2042 3058; x_wconf 89' lang='lat' dir='ltr'><strong>sese</strong></span> <span class='ocrx_word' id='word_1_410' title='bbox 2069 3019 2168 3058; x_wconf 87' lang='lat' dir='ltr'><strong>ne-</strong></span> 
     </span>
    </p>
   </div>
   <div class='ocr_carea' id='block_1_47' title="bbox 564 3094 2166 3174">
    <p class='ocr_par' dir='ltr' id='par_1_47' title="bbox 564 3094 2166 3174">
     <span class='ocr_line' id='line_1_47' title="bbox 564 3094 2166 3174; baseline -0.004 -18"><span class='ocrx_word' id='word_1_411' title='bbox 564 3110 802 3174; x_wconf 88' lang='lat' dir='ltr'><strong>gaturos.</strong></span> <span class='ocrx_word' id='word_1_412' title='bbox 837 3099 902 3154; x_wconf 80' lang='lat' dir='ltr'><strong>Et</strong></span> <span class='ocrx_word' id='word_1_413' title='bbox 941 3097 1240 3170; x_wconf 89' lang='lat' dir='ltr'><strong>procedens</strong></span> <span class='ocrx_word' id='word_1_414' title='bbox 1263 3138 1278 3163; x_wconf 93' lang='lat'><strong>,</strong></span> <span class='ocrx_word' id='word_1_415' title='bbox 1309 3096 1469 3166; x_wconf 83' lang='lat' dir='ltr'><strong>jussit</strong></span> <span class='ocrx_word' id='word_1_416' title='bbox 1496 3094 1793 3165; x_wconf 82' lang='lat' dir='ltr'><strong>discipulos</strong></span> <span class='ocrx_word' id='word_1_417' title='bbox 1820 3109 1946 3150; x_wconf 90' lang='lat' dir='ltr'><strong>suos</strong></span> <span class='ocrx_word' id='word_1_418' title='bbox 1967 3110 2166 3151; x_wconf 91' lang='lat' dir='ltr'><strong>conse-</strong></span> 
     </span>
    </p>
   </div>
   <div class='ocr_carea' id='block_1_48' title="bbox 2275 1897 3873 1982">
    <p class='ocr_par' dir='ltr' id='par_1_48' title="bbox 2275 1897 3873 1982">
     <span class='ocr_line' id='line_1_48' title="bbox 2275 1897 3873 1982; baseline 0.003 -30"><span class='ocrx_word' id='word_1_419' title='bbox 2275 1909 2510 1953; x_wconf 85' lang='lat' dir='ltr'><strong>mortem.</strong></span> <span class='ocrx_word' id='word_1_420' title='bbox 2540 1897 2659 1954; x_wconf 90' lang='lat' dir='ltr'><strong>Non</strong></span> <span class='ocrx_word' id='word_1_421' title='bbox 2688 1899 2868 1970; x_wconf 90' lang='lat' dir='ltr'><strong>itaque</strong></span> <span class='ocrx_word' id='word_1_422' title='bbox 2896 1914 3064 1968; x_wconf 90' lang='lat' dir='ltr'><strong>mors,</strong></span> <span class='ocrx_word' id='word_1_423' title='bbox 3220 1908 3435 1971; x_wconf 88' lang='lat' dir='ltr'><strong>tempus</strong></span> <span class='ocrx_word' id='word_1_424' title='bbox 3452 1900 3642 1956; x_wconf 91' lang='lat' dir='ltr'><strong>mortis</strong></span> <span class='ocrx_word' id='word_1_425' title='bbox 3668 1901 3720 1956; x_wconf 93' lang='lat' dir='ltr'><strong>in</strong></span> <span class='ocrx_word' id='word_1_426' title='bbox 3752 1915 3873 1956; x_wconf 88' lang='lat' dir='ltr'><strong>me-</strong></span> 
     </span>
    </p>
   </div>
   <div class='ocr_carea' id='block_1_49' title="bbox 2275 1991 3870 2063">
    <p class='ocr_par' dir='ltr' id='par_1_49' title="bbox 2275 1991 3870 2063">
     <span class='ocr_line' id='line_1_49' title="bbox 2275 1991 3870 2063; baseline 0.003 -16"><span class='ocrx_word' id='word_1_427' title='bbox 2275 1999 2330 2047; x_wconf 91' lang='lat' dir='ltr'><strong>tu</strong></span> <span class='ocrx_word' id='word_1_428' title='bbox 2357 2001 2441 2048; x_wconf 92' lang='lat' dir='ltr'><strong>est</strong></span> <span class='ocrx_word' id='word_1_429' title='bbox 2472 2010 2484 2047; x_wconf 89' lang='lat'><strong>:</strong></span> <span class='ocrx_word' id='word_1_430' title='bbox 2517 1991 2639 2062; x_wconf 87' lang='lat' dir='ltr'><strong>quia</strong></span> <span class='ocrx_word' id='word_1_431' title='bbox 2671 2002 2790 2063; x_wconf 88' lang='lat' dir='ltr'><strong>post</strong></span> <span class='ocrx_word' id='word_1_432' title='bbox 2815 2009 2932 2050; x_wconf 85' lang='lat' dir='ltr'><strong>eam</strong></span> <span class='ocrx_word' id='word_1_433' title='bbox 2960 1993 3371 2052; x_wconf 84' lang='lat' dir='ltr'><strong>resurrectionis</strong></span> <span class='ocrx_word' id='word_1_434' title='bbox 3398 1994 3595 2051; x_wconf 89' lang='lat' dir='ltr'><strong>virtute</strong></span> <span class='ocrx_word' id='word_1_435' title='bbox 3620 1994 3753 2051; x_wconf 84' lang='lat' dir='ltr'><strong>ﬁdes</strong></span> <span class='ocrx_word' id='word_1_436' title='bbox 3779 2011 3870 2052; x_wconf 81' lang='lat' dir='ltr'><strong>es-</strong></span> 
     </span>
    </p>
   </div>
   <div class='ocr_carea' id='block_1_50' title="bbox 2276 2085 3048 2142">
    <p class='ocr_par' dir='ltr' id='par_1_50' title="bbox 2276 2085 3048 2142">
     <span class='ocr_line' id='line_1_50' title="bbox 2276 2085 3048 2142; baseline 0.001 -3"><span class='ocrx_word' id='word_1_437' title='bbox 2276 2094 2357 2141; x_wconf 89' lang='lat' dir='ltr'><strong>set</strong></span> <span class='ocrx_word' id='word_1_438' title='bbox 2397 2085 2662 2140; x_wconf 80' lang='lat' dir='ltr'><strong>ﬁrmantla</strong></span> <span class='ocrx_word' id='word_1_439' title='bbox 2691 2085 3048 2142; x_wconf 89' lang='lat' dir='ltr'><strong>credentium.</strong></span> 
     </span>
    </p>
   </div>
   <div class='ocr_carea' id='block_1_51' title="bbox 2341 2177 3883 2254">
    <p class='ocr_par' dir='ltr' id='par_1_51' title="bbox 2341 2177 3883 2254">
     <span class='ocr_line' id='line_1_51' title="bbox 2341 2177 3883 2254; baseline 0.001 -21"><span class='ocrx_word' id='word_1_440' title='bbox 2341 2177 2396 2233; x_wconf 86' lang='lat'><strong>6.</strong></span> <span class='ocrx_word' id='word_1_441' title='bbox 2438 2177 2691 2248; x_wconf 88' lang='lat' dir='ltr'><strong>Sequitur</strong></span> <span class='ocrx_word' id='word_1_442' title='bbox 2736 2178 2868 2235; x_wconf 91' lang='lat' dir='ltr'><strong>illud</strong></span> <span class='ocrx_word' id='word_1_443' title='bbox 2897 2196 2910 2232; x_wconf 87' lang='lat'><strong>:</strong></span> <span class='ocrx_word' id='word_1_444' title='bbox 2943 2179 3209 2234; x_wconf 85' lang='lat' dir='ltr'><strong>Sustinetc</strong></span> <span class='ocrx_word' id='word_1_445' title='bbox 3246 2190 3294 2234; x_wconf 86' lang='lat' dir='ltr'><strong>et</strong></span> <span class='ocrx_word' id='word_1_446' title='bbox 3323 2180 3532 2254; x_wconf 82' lang='lat' dir='ltr'><strong>vigilate</strong></span> <span class='ocrx_word' id='word_1_447' title='bbox 3559 2196 3775 2236; x_wconf 87' lang='lat' dir='ltr'><strong>mecum.</strong></span> <span class='ocrx_word' id='word_1_448' title='bbox 3811 2177 3883 2234; x_wconf 83' lang='lat' dir='ltr'><strong>Et</strong></span> 
     </span>
    </p>
   </div>
   <div class='ocr_carea' id='block_1_52' title="bbox 2270 2272 3881 2347">
    <p class='ocr_par' dir='ltr' id='par_1_52' title="bbox 2270 2272 3881 2347">
     <span class='ocr_line' id='line_1_52' title="bbox 2270 2272 3881 2347; baseline 0.004 -23"><span class='ocrx_word' id='word_1_449' title='bbox 2270 2287 2567 2342; x_wconf 87' lang='lat' dir='ltr'><strong>progressus</strong></span> <span class='ocrx_word' id='word_1_450' title='bbox 2620 2272 2839 2343; x_wconf 83' lang='lat' dir='ltr'><strong>procidit</strong></span> <span class='ocrx_word' id='word_1_451' title='bbox 2881 2273 2936 2327; x_wconf 87' lang='lat' dir='ltr'><strong>in</strong></span> <span class='ocrx_word' id='word_1_452' title='bbox 2972 2275 3164 2345; x_wconf 79' lang='lat' dir='ltr'><strong>faciem</strong></span> <span class='ocrx_word' id='word_1_453' title='bbox 3209 2291 3355 2330; x_wconf 87' lang='lat' dir='ltr'><strong>suam</strong></span> <span class='ocrx_word' id='word_1_454' title='bbox 3390 2275 3744 2347; x_wconf 83' lang='lat' dir='ltr'><strong>orans(lbid.,</strong></span> <span class='ocrx_word' id='word_1_455' title='bbox 3782 2274 3881 2341; x_wconf 74' lang='lat'><strong>58,</strong></span> 
     </span>
    </p>
   </div>
   <div class='ocr_carea' id='block_1_53' title="bbox 2273 2361 3886 2437">
    <p class='ocr_par' dir='ltr' id='par_1_53' title="bbox 2273 2361 3886 2437">
     <span class='ocr_line' id='line_1_53' title="bbox 2273 2361 3886 2437; baseline 0.003 -19"><span class='ocrx_word' id='word_1_456' title='bbox 2273 2361 2389 2428; x_wconf 79' lang='lat'><strong>59).</strong></span> <span class='ocrx_word' id='word_1_457' title='bbox 2422 2362 2636 2419; x_wconf 78' lang='lat' dir='ltr'><strong>Manere</strong></span> <span class='ocrx_word' id='word_1_458' title='bbox 2662 2379 2846 2420; x_wconf 90' lang='lat' dir='ltr'><strong>secum</strong></span> <span class='ocrx_word' id='word_1_459' title='bbox 2876 2366 3160 2437; x_wconf 81' lang='lat' dir='ltr'><strong>pervigiles</strong></span> <span class='ocrx_word' id='word_1_460' title='bbox 3184 2366 3459 2427; x_wconf 86' lang='lat' dir='ltr'><strong>admonet.</strong></span> <span class='ocrx_word' id='word_1_461' title='bbox 3485 2367 3702 2424; x_wconf 87' lang='lat' dir='ltr'><strong>Sciebat</strong></span> <span class='ocrx_word' id='word_1_462' title='bbox 3731 2368 3886 2424; x_wconf 88' lang='lat' dir='ltr'><strong>enim</strong></span> 
     </span>
    </p>
   </div>
   <div class='ocr_carea' id='block_1_54' title="bbox 2280 2457 3886 2534">
    <p class='ocr_par' dir='ltr' id='par_1_54' title="bbox 2280 2457 3886 2534">
     <span class='ocr_line' id='line_1_54' title="bbox 2280 2457 3886 2534; baseline 0.002 -22"><span class='ocrx_word' id='word_1_463' title='bbox 2280 2457 2596 2528; x_wconf 83' lang='lat' dir='ltr'><strong>ingravante</strong></span> <span class='ocrx_word' id='word_1_464' title='bbox 2636 2458 2852 2515; x_wconf 88' lang='lat' dir='ltr'><strong>diabolo</strong></span> <span class='ocrx_word' id='word_1_465' title='bbox 2879 2460 3039 2516; x_wconf 86' lang='lat' dir='ltr'><strong>ﬁdem</strong></span> <span class='ocrx_word' id='word_1_466' title='bbox 3090 2477 3277 2518; x_wconf 91' lang='lat' dir='ltr'><strong>eorum</strong></span> <span class='ocrx_word' id='word_1_467' title='bbox 3318 2461 3736 2534; x_wconf 90' lang='lat' dir='ltr'><strong>consopiendam</strong></span> <span class='ocrx_word' id='word_1_468' title='bbox 3770 2480 3785 2515; x_wconf 94' lang='lat'><strong>:</strong></span> <span class='ocrx_word' id='word_1_469' title='bbox 3824 2471 3886 2518; x_wconf 86' lang='lat' dir='ltr'><strong>et</strong></span> 
     </span>
    </p>
   </div>
   <div class='ocr_carea' id='block_1_55' title="bbox 2271 2552 3884 2626">
    <p class='ocr_par' dir='ltr' id='par_1_55' title="bbox 2271 2552 3884 2626">
     <span class='ocr_line' id='line_1_55' title="bbox 2271 2552 3884 2626; baseline 0.004 -22"><span class='ocrx_word' id='word_1_470' title='bbox 2271 2565 2454 2620; x_wconf 88' lang='lat' dir='ltr'><strong>parem</strong></span> <span class='ocrx_word' id='word_1_471' title='bbox 2501 2566 2684 2607; x_wconf 89' lang='lat' dir='ltr'><strong>secum</strong></span> <span class='ocrx_word' id='word_1_472' title='bbox 2733 2552 3064 2625; x_wconf 83' lang='lat' dir='ltr'><strong>vigilantiam</strong></span> <span class='ocrx_word' id='word_1_473' title='bbox 3109 2554 3389 2625; x_wconf 89' lang='lat' dir='ltr'><strong>imperat,</strong></span> <span class='ocrx_word' id='word_1_474' title='bbox 3445 2554 3643 2626; x_wconf 87' lang='lat' dir='ltr'><strong>quibus</strong></span> <span class='ocrx_word' id='word_1_475' title='bbox 3685 2553 3884 2612; x_wconf 83' lang='lat' dir='ltr'><strong>eadem</strong></span> 
     </span>
    </p>
   </div>
   <div class='ocr_carea' id='block_1_56' title="bbox 2272 2643 2786 2713">
    <p class='ocr_par' dir='ltr' id='par_1_56' title="bbox 2272 2643 2786 2713">
     <span class='ocr_line' id='line_1_56' title="bbox 2272 2643 2786 2713; baseline 0.01 -18"><span class='ocrx_word' id='word_1_476' title='bbox 2272 2643 2456 2713; x_wconf 89' lang='lat' dir='ltr'><strong>passio</strong></span> <span class='ocrx_word' id='word_1_477' title='bbox 2485 2645 2786 2700; x_wconf 89' lang='lat' dir='ltr'><strong>immineat.</strong></span> 
     </span>
    </p>
   </div>
   <div class='ocr_carea' id='block_1_57' title="bbox 2349 2733 3884 2812">
    <p class='ocr_par' dir='ltr' id='par_1_57' title="bbox 2349 2733 3884 2812">
     <span class='ocr_line' id='line_1_57' title="bbox 2349 2733 3884 2812; baseline 0.005 -25"><span class='ocrx_word' id='word_1_478' title='bbox 2349 2733 2404 2789; x_wconf 91' lang='lat'><strong>7.</strong></span> <span class='ocrx_word' id='word_1_479' title='bbox 2457 2734 2752 2790; x_wconf 88' lang='lat' dir='ltr'><strong>Transitum</strong></span> <span class='ocrx_word' id='word_1_480' title='bbox 2793 2738 2968 2794; x_wconf 87' lang='lat' dir='ltr'><strong>calicis</strong></span> <span class='ocrx_word' id='word_1_481' title='bbox 3009 2756 3112 2795; x_wconf 84' lang='lat' dir='ltr'><strong>non</strong></span> <span class='ocrx_word' id='word_1_482' title='bbox 3138 2740 3273 2807; x_wconf 89' lang='lat' dir='ltr'><strong>sibi,</strong></span> <span class='ocrx_word' id='word_1_483' title='bbox 3303 2741 3392 2795; x_wconf 82' lang='lat' dir='ltr'><strong>sed</strong></span> <span class='ocrx_word' id='word_1_484' title='bbox 3418 2741 3525 2797; x_wconf 84' lang='lat' dir='ltr'><strong>suis</strong></span> <span class='ocrx_word' id='word_1_485' title='bbox 3549 2741 3884 2812; x_wconf 74' lang='lat' dir='ltr'><strong>deprecatur.</strong></span> 
     </span>
    </p>
   </div>
   <div class='ocr_carea' id='block_1_58' title="bbox 2280 2826 3884 2903">
    <p class='ocr_par' dir='ltr' id='par_1_58' title="bbox 2280 2826 3884 2903">
     <span class='ocr_line' id='line_1_58' title="bbox 2280 2826 3884 2903; baseline 0.006 -24"><span class='ocrx_word' id='word_1_486' title='bbox 2280 2857 2350 2866; x_wconf 94' lang='lat'><strong>—</strong></span> <span class='ocrx_word' id='word_1_487' title='bbox 2384 2826 2584 2882; x_wconf 88' lang='lat' dir='ltr'><strong>Deinde</strong></span> <span class='ocrx_word' id='word_1_488' title='bbox 2611 2837 2730 2884; x_wconf 90' lang='lat' dir='ltr'><strong>orat</strong></span> <span class='ocrx_word' id='word_1_489' title='bbox 2754 2846 2767 2882; x_wconf 92' lang='lat'><strong>:</strong></span> <span class='ocrx_word' id='word_1_490' title='bbox 2806 2829 2962 2886; x_wconf 86' lang='lat' dir='ltr'><strong>Pater</strong></span> <span class='ocrx_word' id='word_1_491' title='bbox 2984 2848 3157 2895; x_wconf 86' lang='lat' dir='ltr'><strong>meus,</strong></span> <span class='ocrx_word' id='word_1_492' title='bbox 3187 2834 3232 2888; x_wconf 89' lang='lat' dir='ltr'><strong>si</strong></span> <span class='ocrx_word' id='word_1_493' title='bbox 3255 2833 3495 2903; x_wconf 81' lang='lat' dir='ltr'><strong>possibile</strong></span> <span class='ocrx_word' id='word_1_494' title='bbox 3519 2843 3616 2900; x_wconf 89' lang='lat' dir='ltr'><strong>est,</strong></span> <span class='ocrx_word' id='word_1_495' title='bbox 3649 2843 3884 2888; x_wconf 76' lang='lat' dir='ltr'><strong>transeat</strong></span> 
     </span>
    </p>
   </div>
   <div class='ocr_carea' id='block_1_59' title="bbox 2276 2920 3888 2996">
    <p class='ocr_par' dir='ltr' id='par_1_59' title="bbox 2276 2920 3888 2996">
     <span class='ocr_line' id='line_1_59' title="bbox 2276 2920 3888 2996; baseline 0.005 -24"><span class='ocrx_word' id='word_1_496' title='bbox 2276 2935 2308 2973; x_wconf 91' lang='lat' dir='ltr'><strong>a</strong></span> <span class='ocrx_word' id='word_1_497' title='bbox 2332 2936 2410 2974; x_wconf 85' lang='lat' dir='ltr'><strong>me</strong></span> <span class='ocrx_word' id='word_1_498' title='bbox 2434 2920 2572 2975; x_wconf 77' lang='lat' dir='ltr'><strong>calix</strong></span> <span class='ocrx_word' id='word_1_499' title='bbox 2600 2921 2694 2976; x_wconf 87' lang='lat' dir='ltr'><strong>iste</strong></span> <span class='ocrx_word' id='word_1_500' title='bbox 2716 2937 2734 2975; x_wconf 90' lang='lat'><strong><em>:</em></strong></span> <span class='ocrx_word' id='word_1_501' title='bbox 2756 2923 2846 2978; x_wconf 84' lang='lat' dir='ltr'><strong>sed</strong></span> <span class='ocrx_word' id='word_1_502' title='bbox 2876 2934 3045 2979; x_wconf 87' lang='lat' dir='ltr'><strong>tamen</strong></span> <span class='ocrx_word' id='word_1_503' title='bbox 3066 2942 3168 2980; x_wconf 86' lang='lat' dir='ltr'><strong>non</strong></span> <span class='ocrx_word' id='word_1_504' title='bbox 3189 2925 3320 2980; x_wconf 86' lang='lat' dir='ltr'><strong>sicut</strong></span> <span class='ocrx_word' id='word_1_505' title='bbox 3351 2942 3444 2996; x_wconf 86' lang='lat' dir='ltr'><strong>ego</strong></span> <span class='ocrx_word' id='word_1_506' title='bbox 3463 2926 3598 2994; x_wconf 83' lang='lat' dir='ltr'><strong>volo,</strong></span> <span class='ocrx_word' id='word_1_507' title='bbox 3628 2927 3720 2981; x_wconf 81' lang='lat' dir='ltr'><strong>sed</strong></span> <span class='ocrx_word' id='word_1_508' title='bbox 3746 2928 3888 2982; x_wconf 76' lang='lat' dir='ltr'><strong>sicut</strong></span> 
     </span>
    </p>
   </div>
   <div class='ocr_carea' id='block_1_60' title="bbox 2279 3011 3883 3088">
    <p class='ocr_par' dir='ltr' id='par_1_60' title="bbox 2279 3011 3883 3088">
     <span class='ocr_line' id='line_1_60' title="bbox 2279 3011 3883 3088; baseline 0.007 -25"><span class='ocrx_word' id='word_1_509' title='bbox 2279 3019 2333 3063; x_wconf 91' lang='lat' dir='ltr'><strong>tu</strong></span> <span class='ocrx_word' id='word_1_510' title='bbox 2374 3011 2468 3065; x_wconf 86' lang='lat' dir='ltr'><strong>vis.</strong></span> <span class='ocrx_word' id='word_1_511' title='bbox 2532 3011 2785 3070; x_wconf 85' lang='lat' dir='ltr'><strong>Transire</strong></span> <span class='ocrx_word' id='word_1_512' title='bbox 2823 3030 2852 3068; x_wconf 88' lang='lat' dir='ltr'><strong>a</strong></span> <span class='ocrx_word' id='word_1_513' title='bbox 2882 3031 2942 3070; x_wconf 92' lang='lat' dir='ltr'><strong>se</strong></span> <span class='ocrx_word' id='word_1_514' title='bbox 2972 3017 3195 3073; x_wconf 88' lang='lat' dir='ltr'><strong>calicem</strong></span> <span class='ocrx_word' id='word_1_515' title='bbox 3241 3025 3415 3088; x_wconf 88' lang='lat' dir='ltr'><strong>rogat.</strong></span> <span class='ocrx_word' id='word_1_516' title='bbox 3447 3016 3716 3088; x_wconf 87' lang='lat' dir='ltr'><strong>Numquid</strong></span> <span class='ocrx_word' id='word_1_517' title='bbox 3749 3018 3837 3078; x_wconf 87' lang='lat' dir='ltr'><strong>.ait</strong></span> <span class='ocrx_word' id='word_1_518' title='bbox 3865 3061 3883 3086; x_wconf 95' lang='lat'><strong>,</strong></span> 
     </span>
    </p>
   </div>
   <div class='ocr_carea' id='block_1_61' title="bbox 2287 3101 3888 3182">
    <p class='ocr_par' dir='ltr' id='par_1_61' title="bbox 2287 3101 3888 3182">
     <span class='ocr_line' id='line_1_61' title="bbox 2287 3101 3888 3182; baseline 0.006 -25"><span class='ocrx_word' id='word_1_519' title='bbox 2287 3101 2548 3159; x_wconf 82' lang='lat' dir='ltr'><strong>&#39;l&#39;ranseat</strong></span> <span class='ocrx_word' id='word_1_520' title='bbox 2579 3121 2665 3161; x_wconf 90' lang='lat' dir='ltr'><strong>me</strong></span> <span class='ocrx_word' id='word_1_521' title='bbox 2694 3107 2831 3162; x_wconf 79' lang='lat' dir='ltr'><strong>calix</strong></span> <span class='ocrx_word' id='word_1_522' title='bbox 2861 3109 3000 3164; x_wconf 90' lang='lat' dir='ltr'><strong>iste?</strong></span> <span class='ocrx_word' id='word_1_523' title='bbox 3029 3110 3144 3166; x_wconf 67' lang='lat' dir='ltr'><strong>haec</strong></span> <span class='ocrx_word' id='word_1_524' title='bbox 3171 3109 3315 3166; x_wconf 89' lang='lat' dir='ltr'><strong>enim</strong></span> <span class='ocrx_word' id='word_1_525' title='bbox 3347 3111 3527 3167; x_wconf 87' lang='lat' dir='ltr'><strong>futura</strong></span> <span class='ocrx_word' id='word_1_526' title='bbox 3549 3121 3664 3167; x_wconf 89' lang='lat' dir='ltr'><strong>erat</strong></span> <span class='ocrx_word' id='word_1_527' title='bbox 3693 3127 3796 3182; x_wconf 87' lang='lat' dir='ltr'><strong>pro</strong></span> <span class='ocrx_word' id='word_1_528' title='bbox 3819 3126 3888 3167; x_wconf 89' lang='lat' dir='ltr'><strong>se</strong></span> 
     </span>
    </p>
   </div>
   <div class='ocr_carea' id='block_1_62' title="bbox 568 3186 3888 3272">
    <p class='ocr_par' dir='ltr' id='par_1_62' title="bbox 568 3186 3888 3272">
     <span class='ocr_line' id='line_1_62' title="bbox 568 3186 3888 3272; baseline 0.003 -22"><span class='ocrx_word' id='word_1_529' title='bbox 568 3195 701 3250; x_wconf 89' lang='lat' dir='ltr'><strong>dere</strong></span> <span class='ocrx_word' id='word_1_530' title='bbox 730 3192 854 3248; x_wconf 91' lang='lat' dir='ltr'><strong>dum</strong></span> <span class='ocrx_word' id='word_1_531' title='bbox 884 3199 1085 3247; x_wconf 89' lang='lat' dir='ltr'><strong>oraret.</strong></span> <span class='ocrx_word' id='word_1_532' title='bbox 1134 3189 1548 3259; x_wconf 80' lang='lat' dir='ltr'><strong>Assumptisque</strong></span> <span class='ocrx_word' id='word_1_533' title='bbox 1601 3187 1760 3242; x_wconf 85' lang='lat' dir='ltr'><strong>Petro</strong></span> <span class='ocrx_word' id='word_1_534' title='bbox 1791 3196 1844 3242; x_wconf 91' lang='lat' dir='ltr'><strong>et</strong></span> <span class='ocrx_word' id='word_1_535' title='bbox 1893 3186 2094 3243; x_wconf 85' lang='lat' dir='ltr'><strong>Jacoho</strong></span> <span class='ocrx_word' id='word_1_536' title='bbox 2121 3198 2174 3243; x_wconf 91' lang='lat' dir='ltr'><strong>et</strong></span> <span class='ocrx_word' id='word_1_537' title='bbox 2203 3199 2246 3261; x_wconf 82' lang='lat' dir='ltr'>C</span> <span class='ocrx_word' id='word_1_538' title='bbox 2290 3194 2531 3252; x_wconf 88' lang='lat' dir='ltr'><strong>timentis</strong></span> <span class='ocrx_word' id='word_1_539' title='bbox 2555 3198 2748 3256; x_wconf 91' lang='lat' dir='ltr'><strong>oratio.</strong></span> <span class='ocrx_word' id='word_1_540' title='bbox 2775 3199 2881 3256; x_wconf 89' lang='lat' dir='ltr'><strong>Sed</strong></span> <span class='ocrx_word' id='word_1_541' title='bbox 2907 3201 3049 3258; x_wconf 90' lang='lat' dir='ltr'><strong>aliud</strong></span> <span class='ocrx_word' id='word_1_542' title='bbox 3068 3211 3172 3271; x_wconf 75' lang='lat' dir='ltr'><strong>est,</strong></span> <span class='ocrx_word' id='word_1_543' title='bbox 3199 3212 3259 3259; x_wconf 92' lang='lat' dir='ltr'><strong>ut</strong></span> <span class='ocrx_word' id='word_1_544' title='bbox 3283 3219 3344 3259; x_wconf 89' lang='lat' dir='ltr'><strong>se</strong></span> <span class='ocrx_word' id='word_1_545' title='bbox 3365 3212 3623 3272; x_wconf 86' lang='lat' dir='ltr'><strong>transeat,</strong></span> <span class='ocrx_word' id='word_1_546' title='bbox 3652 3204 3797 3260; x_wconf 87' lang='lat' dir='ltr'><strong>aliud</strong></span> <span class='ocrx_word' id='word_1_547' title='bbox 3822 3214 3888 3260; x_wconf 90' lang='lat' dir='ltr'><strong>ut</strong></span> 
     </span>
    </p>
   </div>
   <div class='ocr_carea' id='block_1_63' title="bbox 562 3279 2179 3354">
    <p class='ocr_par' dir='ltr' id='par_1_63' title="bbox 562 3279 2179 3354">
     <span class='ocr_line' id='line_1_63' title="bbox 562 3279 2179 3354; baseline -0.004 -14"><span class='ocrx_word' id='word_1_548' title='bbox 562 3285 773 3340; x_wconf 87' lang='lat' dir='ltr'><strong>Joanne</strong></span> <span class='ocrx_word' id='word_1_549' title='bbox 821 3283 985 3354; x_wconf 64' lang='lat' dir='ltr'><strong>capit</strong></span> <span class='ocrx_word' id='word_1_550' title='bbox 1037 3280 1204 3337; x_wconf 87' lang='lat' dir='ltr'><strong>tristis</strong></span> <span class='ocrx_word' id='word_1_551' title='bbox 1251 3295 1393 3334; x_wconf 89' lang='lat' dir='ltr'><strong>esse.</strong></span> <span class='ocrx_word' id='word_1_552' title='bbox 1429 3279 1569 3349; x_wconf 82' lang='lat' dir='ltr'><strong>Ergo</strong></span> <span class='ocrx_word' id='word_1_553' title='bbox 1599 3293 1704 3334; x_wconf 89' lang='lat' dir='ltr'><strong>non</strong></span> <span class='ocrx_word' id='word_1_554' title='bbox 1735 3289 1860 3334; x_wconf 90' lang='lat' dir='ltr'><strong>ante</strong></span> <span class='ocrx_word' id='word_1_555' title='bbox 1898 3279 2070 3334; x_wconf 83' lang='lat' dir='ltr'><strong>tristis</strong></span> <span class='ocrx_word' id='word_1_556' title='bbox 2094 3288 2179 3335; x_wconf 91' lang='lat' dir='ltr'><strong>est</strong></span> 
     </span>
    </p>
   </div>
   <div class='ocr_carea' id='block_1_64' title="bbox 567 3372 2180 3448">
    <p class='ocr_par' dir='ltr' id='par_1_64' title="bbox 567 3372 2180 3448">
     <span class='ocr_line' id='line_1_64' title="bbox 567 3372 2180 3448; baseline -0.003 -17"><span class='ocrx_word' id='word_1_557' title='bbox 567 3393 727 3448; x_wconf 86' lang='lat' dir='ltr'><strong>quam</strong></span> <span class='ocrx_word' id='word_1_558' title='bbox 763 3375 1028 3438; x_wconf 90' lang='lat' dir='ltr'><strong>assumit,</strong></span> <span class='ocrx_word' id='word_1_559' title='bbox 1055 3384 1108 3428; x_wconf 90' lang='lat' dir='ltr'><strong>et</strong></span> <span class='ocrx_word' id='word_1_560' title='bbox 1137 3373 1312 3428; x_wconf 91' lang='lat' dir='ltr'><strong>omnis</strong></span> <span class='ocrx_word' id='word_1_561' title='bbox 1360 3372 1434 3443; x_wconf 89' lang='lat' dir='ltr'><strong>(e)</strong></span> <span class='ocrx_word' id='word_1_562' title='bbox 1475 3381 1651 3427; x_wconf 91' lang='lat' dir='ltr'><strong>metus</strong></span> <span class='ocrx_word' id='word_1_563' title='bbox 1715 3372 1829 3428; x_wconf 91' lang='lat' dir='ltr'><strong>illis</strong></span> <span class='ocrx_word' id='word_1_564' title='bbox 1871 3387 1992 3429; x_wconf 89' lang='lat' dir='ltr'><strong>esse</strong></span> <span class='ocrx_word' id='word_1_565' title='bbox 2015 3372 2180 3444; x_wconf 71' lang='lat' dir='ltr'><strong>cmpit</strong></span> 
     </span>
    </p>
   </div>
   <div class='ocr_carea' id='block_1_65' title="bbox 575 3464 2178 3539">
    <p class='ocr_par' dir='ltr' id='par_1_65' title="bbox 575 3464 2178 3539">
     <span class='ocr_line' id='line_1_65' title="bbox 575 3464 2178 3539; baseline -0.003 -12"><span class='ocrx_word' id='word_1_566' title='bbox 575 3467 870 3539; x_wconf 89' lang='lat' dir='ltr'><strong>assumptis</strong></span> <span class='ocrx_word' id='word_1_567' title='bbox 900 3485 912 3520; x_wconf 90' lang='lat'>:</span> <span class='ocrx_word' id='word_1_568' title='bbox 944 3476 1104 3537; x_wconf 91' lang='lat' dir='ltr'><strong>atque</strong></span> <span class='ocrx_word' id='word_1_569' title='bbox 1145 3466 1219 3519; x_wconf 89' lang='lat' dir='ltr'><strong>ita</strong></span> <span class='ocrx_word' id='word_1_570' title='bbox 1248 3480 1355 3519; x_wconf 89' lang='lat' dir='ltr'><strong>non</strong></span> <span class='ocrx_word' id='word_1_571' title='bbox 1385 3464 1453 3519; x_wconf 90' lang='lat' dir='ltr'><strong>de</strong></span> <span class='ocrx_word' id='word_1_572' title='bbox 1479 3480 1538 3518; x_wconf 90' lang='lat' dir='ltr'><strong>se</strong></span> <span class='ocrx_word' id='word_1_573' title='bbox 1567 3474 1686 3520; x_wconf 89' lang='lat' dir='ltr'><strong>orta</strong></span> <span class='ocrx_word' id='word_1_574' title='bbox 1707 3474 1790 3520; x_wconf 88' lang='lat' dir='ltr'><strong>est</strong></span> <span class='ocrx_word' id='word_1_575' title='bbox 1811 3507 1825 3530; x_wconf 91' lang='lat'><strong>,</strong></span> <span class='ocrx_word' id='word_1_576' title='bbox 1873 3465 1968 3520; x_wconf 90' lang='lat' dir='ltr'><strong>sed</strong></span> <span class='ocrx_word' id='word_1_577' title='bbox 1996 3465 2062 3520; x_wconf 92' lang='lat' dir='ltr'><strong>de</strong></span> <span class='ocrx_word' id='word_1_578' title='bbox 2093 3464 2178 3522; x_wconf 88' lang='lat' dir='ltr'><strong>his</strong></span> 
     </span>
    </p>
   </div>
   <div class='ocr_carea' id='block_1_66' title="bbox 577 3556 2178 3635">
    <p class='ocr_par' dir='ltr' id='par_1_66' title="bbox 577 3556 2178 3635">
     <span class='ocr_line' id='line_1_66' title="bbox 577 3556 2178 3635; baseline -0.004 -15"><span class='ocrx_word' id='word_1_579' title='bbox 577 3578 716 3635; x_wconf 92' lang='lat' dir='ltr'><strong>quos</strong></span> <span class='ocrx_word' id='word_1_580' title='bbox 746 3567 1148 3630; x_wconf 87' lang='lat' dir='ltr'><strong>assumpserat,</strong></span> <span class='ocrx_word' id='word_1_581' title='bbox 1180 3556 1514 3612; x_wconf 73' lang='lat' dir='ltr'><strong>mmstitudo.</strong></span> <span class='ocrx_word' id='word_1_582' title='bbox 1547 3557 1613 3611; x_wconf 88' lang='lat' dir='ltr'><strong>Et</strong></span> <span class='ocrx_word' id='word_1_583' title='bbox 1640 3556 1855 3626; x_wconf 91' lang='lat' dir='ltr'><strong>quidem</strong></span> <span class='ocrx_word' id='word_1_584' title='bbox 1888 3558 2178 3614; x_wconf 90' lang='lat' dir='ltr'><strong>recordan-</strong></span> 
     </span>
    </p>
   </div>
   <div class='ocr_carea' id='block_1_67' title="bbox 575 3647 2172 3720">
    <p class='ocr_par' dir='ltr' id='par_1_67' title="bbox 575 3647 2172 3720">
     <span class='ocr_line' id='line_1_67' title="bbox 575 3647 2172 3720; baseline -0.004 -9"><span class='ocrx_word' id='word_1_585' title='bbox 575 3656 704 3712; x_wconf 91' lang='lat' dir='ltr'><strong>dum</strong></span> <span class='ocrx_word' id='word_1_586' title='bbox 730 3661 836 3720; x_wconf 91' lang='lat' dir='ltr'><strong>est,</strong></span> <span class='ocrx_word' id='word_1_587' title='bbox 869 3666 974 3706; x_wconf 92' lang='lat' dir='ltr'><strong>non</strong></span> <span class='ocrx_word' id='word_1_588' title='bbox 1005 3650 1138 3705; x_wconf 91' lang='lat' dir='ltr'><strong>alios</strong></span> <span class='ocrx_word' id='word_1_589' title='bbox 1166 3648 1253 3704; x_wconf 90' lang='lat' dir='ltr'><strong>hic</strong></span> <span class='ocrx_word' id='word_1_590' title='bbox 1281 3656 1589 3718; x_wconf 89' lang='lat' dir='ltr'><strong>assumptos</strong></span> <span class='ocrx_word' id='word_1_591' title='bbox 1616 3647 1809 3716; x_wconf 87' lang='lat' dir='ltr'><strong>fuisse,</strong></span> <span class='ocrx_word' id='word_1_592' title='bbox 1837 3665 1995 3720; x_wconf 91' lang='lat' dir='ltr'><strong>quam</strong></span> <span class='ocrx_word' id='word_1_593' title='bbox 2025 3650 2172 3720; x_wconf 91' lang='lat' dir='ltr'><strong>ipsos</strong></span> 
     </span>
    </p>
   </div>
   <div class='ocr_carea' id='block_1_68' title="bbox 572 3738 2174 3816">
    <p class='ocr_par' dir='ltr' id='par_1_68' title="bbox 572 3738 2174 3816">
     <span class='ocr_line' id='line_1_68' title="bbox 572 3738 2174 3816; baseline -0.003 -15"><span class='ocrx_word' id='word_1_594' title='bbox 572 3745 731 3812; x_wconf 87' lang='lat' dir='ltr'><strong>illos,</strong></span> <span class='ocrx_word' id='word_1_595' title='bbox 783 3743 977 3816; x_wconf 90' lang='lat' dir='ltr'><strong>quibus</strong></span> <span class='ocrx_word' id='word_1_596' title='bbox 1007 3748 1264 3796; x_wconf 88' lang='lat' dir='ltr'><strong>venturus</strong></span> <span class='ocrx_word' id='word_1_597' title='bbox 1313 3739 1364 3794; x_wconf 91' lang='lat' dir='ltr'><strong>in</strong></span> <span class='ocrx_word' id='word_1_598' title='bbox 1421 3753 1588 3809; x_wconf 91' lang='lat' dir='ltr'><strong>regno</strong></span> <span class='ocrx_word' id='word_1_599' title='bbox 1639 3754 1738 3794; x_wconf 89' lang='lat' dir='ltr'><strong>suo</strong></span> <span class='ocrx_word' id='word_1_600' title='bbox 1767 3738 1908 3795; x_wconf 91' lang='lat' dir='ltr'><strong>ﬁlius</strong></span> <span class='ocrx_word' id='word_1_601' title='bbox 1939 3739 2174 3796; x_wconf 90' lang='lat' dir='ltr'><strong>hominis</strong></span> 
     </span>
    </p>
   </div>
   <div class='ocr_carea' id='block_1_69' title="bbox 572 3829 2174 3904">
    <p class='ocr_par' dir='ltr' id='par_1_69' title="bbox 572 3829 2174 3904">
     <span class='ocr_line' id='line_1_69' title="bbox 572 3829 2174 3904; baseline -0.004 -9"><span class='ocrx_word' id='word_1_602' title='bbox 572 3847 824 3895; x_wconf 90' lang='lat' dir='ltr'><strong>ostensus</strong></span> <span class='ocrx_word' id='word_1_603' title='bbox 849 3842 932 3890; x_wconf 91' lang='lat' dir='ltr'><strong>est</strong></span> <span class='ocrx_word' id='word_1_604' title='bbox 955 3875 970 3900; x_wconf 90' lang='lat'><strong>,</strong></span> <span class='ocrx_word' id='word_1_605' title='bbox 1000 3842 1112 3887; x_wconf 90' lang='lat' dir='ltr'><strong>tum</strong></span> <span class='ocrx_word' id='word_1_606' title='bbox 1139 3847 1261 3887; x_wconf 91' lang='lat' dir='ltr'><strong>cum</strong></span> <span class='ocrx_word' id='word_1_607' title='bbox 1289 3829 1665 3886; x_wconf 90' lang='lat' dir='ltr'><strong>assistentibus</strong></span> <span class='ocrx_word' id='word_1_608' title='bbox 1695 3829 1748 3885; x_wconf 92' lang='lat' dir='ltr'><strong>in</strong></span> <span class='ocrx_word' id='word_1_609' title='bbox 1777 3840 1958 3886; x_wconf 89' lang='lat' dir='ltr'><strong>monte</strong></span> <span class='ocrx_word' id='word_1_610' title='bbox 1987 3833 2174 3904; x_wconf 82' lang='lat' dir='ltr'><strong>Moyse</strong></span> 
     </span>
    </p>
   </div>
   <div class='ocr_carea' id='block_1_70' title="bbox 575 3925 2171 3996">
    <p class='ocr_par' dir='ltr' id='par_1_70' title="bbox 575 3925 2171 3996">
     <span class='ocr_line' id='line_1_70' title="bbox 575 3925 2171 3996; baseline -0.003 -9"><span class='ocrx_word' id='word_1_611' title='bbox 575 3940 634 3988; x_wconf 90' lang='lat' dir='ltr'><strong>et</strong></span> <span class='ocrx_word' id='word_1_612' title='bbox 657 3931 792 3994; x_wconf 90' lang='lat' dir='ltr'><strong>Elia,</strong></span> <span class='ocrx_word' id='word_1_613' title='bbox 821 3937 932 3984; x_wconf 93' lang='lat' dir='ltr'><strong>toto</strong></span> <span class='ocrx_word' id='word_1_614' title='bbox 961 3935 1182 3982; x_wconf 71' lang='lat' dir='ltr'><strong>teterna:</strong></span> <span class='ocrx_word' id='word_1_615' title='bbox 1210 3925 1395 3996; x_wconf 68' lang='lat' dir='ltr'><strong>gloriae</strong></span> <span class='ocrx_word' id='word_1_616' title='bbox 1425 3940 1538 3980; x_wconf 68' lang='lat' dir='ltr'><strong>suae</strong></span> <span class='ocrx_word' id='word_1_617' title='bbox 1570 3925 1777 3982; x_wconf 89' lang='lat' dir='ltr'><strong>honore</strong></span> <span class='ocrx_word' id='word_1_618' title='bbox 1801 3925 2171 3983; x_wconf 89' lang='lat' dir='ltr'><strong>circumdatus</strong></span> 
     </span>
    </p>
   </div>
   <div class='ocr_carea' id='block_1_71' title="bbox 576 4017 2170 4092">
    <p class='ocr_par' dir='ltr' id='par_1_71' title="bbox 576 4017 2170 4092">
     <span class='ocr_line' id='line_1_71' title="bbox 576 4017 2170 4092; baseline -0.01 -13"><span class='ocrx_word' id='word_1_619' title='bbox 576 4032 662 4080; x_wconf 86' lang='lat' dir='ltr'><strong>est</strong></span> <span class='ocrx_word' id='word_1_620' title='bbox 687 4021 907 4088; x_wconf 80' lang='lat' dir='ltr'><strong>(Matth.</strong></span> <span class='ocrx_word' id='word_1_621' title='bbox 954 4035 1063 4075; x_wconf 80' lang='lat' dir='ltr'><strong>xvn</strong></span> <span class='ocrx_word' id='word_1_622' title='bbox 1081 4061 1096 4086; x_wconf 97' lang='lat'><strong>,</strong></span> <span class='ocrx_word' id='word_1_623' title='bbox 1124 4020 1146 4073; x_wconf 83' lang='lat' dir='ltr'><strong>l</strong></span> <span class='ocrx_word' id='word_1_624' title='bbox 1176 4027 1226 4072; x_wconf 88' lang='lat' dir='ltr'><strong>et</strong></span> <span class='ocrx_word' id='word_1_625' title='bbox 1255 4017 1439 4090; x_wconf 86' lang='lat' dir='ltr'><strong>seqq.).</strong></span> <span class='ocrx_word' id='word_1_626' title='bbox 1465 4017 1571 4075; x_wconf 89' lang='lat' dir='ltr'><strong>Sed</strong></span> <span class='ocrx_word' id='word_1_627' title='bbox 1597 4019 1761 4092; x_wconf 74' lang='lat'><strong>802</strong></span> <span class='ocrx_word' id='word_1_628' title='bbox 1783 4035 1903 4090; x_wconf 57' lang='lat' dir='ltr'><strong>qua:</strong></span> <span class='ocrx_word' id='word_1_629' title='bbox 1931 4029 2057 4077; x_wconf 79' lang='grc' dir='ltr'><strong>ιιιηο</strong></span> <span class='ocrx_word' id='word_1_630' title='bbox 2084 4035 2170 4076; x_wconf 74' lang='lat' dir='ltr'><strong>as-</strong></span> 
     </span>
    </p>
   </div>
   <div class='ocr_carea' id='block_1_72' title="bbox 567 4109 1985 4176">
    <p class='ocr_par' dir='ltr' id='par_1_72' title="bbox 567 4109 1985 4176">
     <span class='ocr_line' id='line_1_72' title="bbox 567 4109 1985 4176; baseline -0.004 -3"><span class='ocrx_word' id='word_1_631' title='bbox 567 4113 954 4174; x_wconf 88' lang='lat' dir='ltr'><strong>sumendorum</strong></span> <span class='ocrx_word' id='word_1_632' title='bbox 979 4126 1190 4176; x_wconf 89' lang='lat' dir='ltr'><strong>eorum,</strong></span> <span class='ocrx_word' id='word_1_633' title='bbox 1215 4109 1404 4166; x_wconf 86' lang='lat' dir='ltr'><strong>eadem</strong></span> <span class='ocrx_word' id='word_1_634' title='bbox 1429 4119 1482 4165; x_wconf 90' lang='lat' dir='ltr'><strong>et</strong></span> <span class='ocrx_word' id='word_1_635' title='bbox 1505 4125 1645 4164; x_wconf 89' lang='lat' dir='ltr'><strong>nunc</strong></span> <span class='ocrx_word' id='word_1_636' title='bbox 1672 4111 1772 4165; x_wconf 82' lang='lat' dir='ltr'><strong>fuit</strong></span> <span class='ocrx_word' id='word_1_637' title='bbox 1801 4127 1985 4169; x_wconf 90' lang='lat' dir='ltr'><strong>causa.</strong></span> 
     </span>
    </p>
   </div>
   <div class='ocr_carea' id='block_1_73' title="bbox 649 4201 2177 4271">
    <p class='ocr_par' dir='ltr' id='par_1_73' title="bbox 649 4201 2177 4271">
     <span class='ocr_line' id='line_1_73' title="bbox 649 4201 2177 4271; baseline 0 -8"><span class='ocrx_word' id='word_1_638' title='bbox 649 4208 703 4264; x_wconf 80' lang='lat'><strong>5.</strong></span> <span class='ocrx_word' id='word_1_639' title='bbox 745 4205 982 4261; x_wconf 86' lang='lat' dir='ltr'><strong>Tristitia</strong></span> <span class='ocrx_word' id='word_1_640' title='bbox 1025 4201 1212 4257; x_wconf 86' lang='lat' dir='ltr'><strong>Christi</strong></span> <span class='ocrx_word' id='word_1_641' title='bbox 1259 4217 1449 4271; x_wconf 86' lang='lat' dir='ltr'><strong>usque,</strong></span> <span class='ocrx_word' id='word_1_642' title='bbox 1477 4218 1581 4254; x_wconf 85' lang='lat' dir='ltr'><strong>non</strong></span> <span class='ocrx_word' id='word_1_643' title='bbox 1624 4202 1684 4256; x_wconf 90' lang='lat' dir='ltr'><strong>ob</strong></span> <span class='ocrx_word' id='word_1_644' title='bbox 1737 4212 1965 4260; x_wconf 86' lang='lat' dir='ltr'><strong>mortem.</strong></span> <span class='ocrx_word' id='word_1_645' title='bbox 2019 4205 2177 4264; x_wconf 86' lang='lat' dir='ltr'><strong>Blas-</strong></span> 
     </span>
    </p>
   </div>
   <div class='ocr_carea' id='block_1_74' title="bbox 578 4291 2165 4374">
    <p class='ocr_par' dir='ltr' id='par_1_74' title="bbox 578 4291 2165 4374">
     <span class='ocr_line' id='line_1_74' title="bbox 578 4291 2165 4374; baseline -0.008 -19"><span class='ocrx_word' id='word_1_646' title='bbox 578 4299 836 4374; x_wconf 87' lang='lat' dir='ltr'><strong>phemiam</strong></span> <span class='ocrx_word' id='word_1_647' title='bbox 908 4297 962 4350; x_wconf 87' lang='lat' dir='ltr'><strong>in</strong></span> <span class='ocrx_word' id='word_1_648' title='bbox 1016 4295 1268 4365; x_wconf 85' lang='lat' dir='ltr'><strong>Spiritum</strong></span> <span class='ocrx_word' id='word_1_649' title='bbox 1312 4291 1542 4347; x_wconf 80' lang='lat' dir='ltr'><strong>Christus</strong></span> <span class='ocrx_word' id='word_1_650' title='bbox 1591 4295 1728 4348; x_wconf 86' lang='lat' dir='ltr'><strong>timet</strong></span> <span class='ocrx_word' id='word_1_651' title='bbox 1775 4297 1899 4351; x_wconf 86' lang='lat' dir='ltr'><strong>suis.</strong></span> <span class='ocrx_word' id='word_1_652' title='bbox 1949 4329 2021 4339; x_wconf 90' lang='lat'><strong>-—</strong></span> <span class='ocrx_word' id='word_1_653' title='bbox 2061 4301 2165 4358; x_wconf 73' lang='lat' dir='ltr'><strong>De.</strong></span> 
     </span>
    </p>
   </div>
   <div class='ocr_carea' id='block_1_75' title="bbox 2279 3294 3883 3371">
    <p class='ocr_par' dir='ltr' id='par_1_75' title="bbox 2279 3294 3883 3371">
     <span class='ocr_line' id='line_1_75' title="bbox 2279 3294 3883 3371; baseline 0.007 -27"><span class='ocrx_word' id='word_1_654' title='bbox 2279 3305 2310 3344; x_wconf 92' lang='lat' dir='ltr'><strong>a</strong></span> <span class='ocrx_word' id='word_1_655' title='bbox 2337 3304 2396 3346; x_wconf 89' lang='lat' dir='ltr'><strong>se</strong></span> <span class='ocrx_word' id='word_1_656' title='bbox 2425 3298 2664 3348; x_wconf 84' lang='lat' dir='ltr'><strong>transeat</strong></span> <span class='ocrx_word' id='word_1_657' title='bbox 2698 3294 2996 3366; x_wconf 88' lang='lat' dir='ltr'><strong>deprecari.</strong></span> <span class='ocrx_word' id='word_1_658' title='bbox 3034 3297 3091 3354; x_wconf 89' lang='lat' dir='ltr'><strong>In</strong></span> <span class='ocrx_word' id='word_1_659' title='bbox 3121 3312 3188 3354; x_wconf 90' lang='lat' dir='ltr'><strong>eo</strong></span> <span class='ocrx_word' id='word_1_660' title='bbox 3214 3298 3358 3354; x_wconf 90' lang='lat' dir='ltr'><strong>enim</strong></span> <span class='ocrx_word' id='word_1_661' title='bbox 3396 3299 3540 3371; x_wconf 89' lang='lat' dir='ltr'><strong>quod</strong></span> <span class='ocrx_word' id='word_1_662' title='bbox 3567 3315 3629 3356; x_wconf 89' lang='lat' dir='ltr'><strong>se</strong></span> <span class='ocrx_word' id='word_1_663' title='bbox 3649 3301 3844 3356; x_wconf 85' lang='lat' dir='ltr'><strong>transit</strong></span> <span class='ocrx_word' id='word_1_664' title='bbox 3865 3343 3883 3367; x_wconf 95' lang='lat'><strong>,</strong></span> 
     </span>
    </p>
   </div>
   <div class='ocr_carea' id='block_1_76' title="bbox 2284 3387 3884 3462">
    <p class='ocr_par' dir='ltr' id='par_1_76' title="bbox 2284 3387 3884 3462">
     <span class='ocr_line' id='line_1_76' title="bbox 2284 3387 3884 3462; baseline 0.002 -19"><span class='ocrx_word' id='word_1_665' title='bbox 2284 3387 2400 3458; x_wconf 88' lang='lat' dir='ltr'><strong>ipse</strong></span> <span class='ocrx_word' id='word_1_666' title='bbox 2430 3389 2520 3445; x_wconf 90' lang='lat' dir='ltr'><strong>ille</strong></span> <span class='ocrx_word' id='word_1_667' title='bbox 2549 3402 2578 3441; x_wconf 90' lang='lat' dir='ltr'><strong>a</strong></span> <span class='ocrx_word' id='word_1_668' title='bbox 2625 3387 2871 3443; x_wconf 89' lang='lat' dir='ltr'><strong>molestia</strong></span> <span class='ocrx_word' id='word_1_669' title='bbox 2916 3388 2996 3460; x_wconf 69' lang='grc' dir='ltr'>(ί)</span> <span class='ocrx_word' id='word_1_670' title='bbox 3052 3391 3382 3447; x_wconf 89' lang='lat' dir='ltr'><strong>transeuntis</strong></span> <span class='ocrx_word' id='word_1_671' title='bbox 3427 3392 3693 3462; x_wconf 80' lang='lat' dir='ltr'><strong>excipitur</strong></span> <span class='ocrx_word' id='word_1_672' title='bbox 3740 3391 3884 3462; x_wconf 84' lang='lat' dir='ltr'><strong>:qui</strong></span> 
     </span>
    </p>
   </div>
   <div class='ocr_carea' id='block_1_77' title="bbox 2281 3485 3884 3557">
    <p class='ocr_par' dir='ltr' id='par_1_77' title="bbox 2281 3485 3884 3557">
     <span class='ocr_line' id='line_1_77' title="bbox 2281 3485 3884 3557; baseline 0.004 -21"><span class='ocrx_word' id='word_1_673' title='bbox 2281 3491 2460 3539; x_wconf 88' lang='lat' dir='ltr'><strong>autem</strong></span> <span class='ocrx_word' id='word_1_674' title='bbox 2490 3493 2544 3539; x_wconf 89' lang='lat' dir='ltr'><strong>ut</strong></span> <span class='ocrx_word' id='word_1_675' title='bbox 2574 3498 2604 3537; x_wconf 90' lang='lat' dir='ltr'><strong>a</strong></span> <span class='ocrx_word' id='word_1_676' title='bbox 2629 3498 2688 3540; x_wconf 84' lang='lat' dir='ltr'><strong>se</strong></span> <span class='ocrx_word' id='word_1_677' title='bbox 2712 3491 2952 3539; x_wconf 89' lang='lat' dir='ltr'><strong>transeat</strong></span> <span class='ocrx_word' id='word_1_678' title='bbox 2981 3493 3152 3554; x_wconf 85' lang='lat' dir='ltr'><strong>rogat.</strong></span> <span class='ocrx_word' id='word_1_679' title='bbox 3177 3500 3285 3540; x_wconf 89' lang='lat' dir='ltr'><strong>non</strong></span> <span class='ocrx_word' id='word_1_680' title='bbox 3307 3496 3362 3540; x_wconf 92' lang='lat' dir='ltr'><strong>ut</strong></span> <span class='ocrx_word' id='word_1_681' title='bbox 3386 3485 3503 3557; x_wconf 88' lang='lat' dir='ltr'><strong>ipse</strong></span> <span class='ocrx_word' id='word_1_682' title='bbox 3525 3495 3884 3557; x_wconf 71' lang='lat' dir='ltr'><strong>prmtereatur</strong></span> 
     </span>
    </p>
   </div>
   <div class='ocr_carea' id='block_1_78' title="bbox 2281 3576 3887 3647">
    <p class='ocr_par' dir='ltr' id='par_1_78' title="bbox 2281 3576 3887 3647">
     <span class='ocr_line' id='line_1_78' title="bbox 2281 3576 3887 3647; baseline 0.002 -17"><span class='ocrx_word' id='word_1_683' title='bbox 2281 3584 2419 3640; x_wconf 91' lang='lat' dir='ltr'><strong>orat,</strong></span> <span class='ocrx_word' id='word_1_684' title='bbox 2451 3576 2545 3631; x_wconf 91' lang='lat' dir='ltr'><strong>sed</strong></span> <span class='ocrx_word' id='word_1_685' title='bbox 2574 3584 2632 3630; x_wconf 93' lang='lat' dir='ltr'><strong>ut</strong></span> <span class='ocrx_word' id='word_1_686' title='bbox 2656 3576 2708 3630; x_wconf 93' lang='lat' dir='ltr'><strong>in</strong></span> <span class='ocrx_word' id='word_1_687' title='bbox 2750 3577 2980 3631; x_wconf 90' lang='lat' dir='ltr'><strong>alterum</strong></span> <span class='ocrx_word' id='word_1_688' title='bbox 3029 3576 3082 3632; x_wconf 92' lang='lat' dir='ltr'><strong>id</strong></span> <span class='ocrx_word' id='word_1_689' title='bbox 3121 3577 3264 3647; x_wconf 91' lang='lat' dir='ltr'><strong>quod</strong></span> <span class='ocrx_word' id='word_1_690' title='bbox 3313 3592 3345 3633; x_wconf 89' lang='lat' dir='ltr'><strong>a</strong></span> <span class='ocrx_word' id='word_1_691' title='bbox 3381 3593 3441 3634; x_wconf 89' lang='lat' dir='ltr'><strong>se</strong></span> <span class='ocrx_word' id='word_1_692' title='bbox 3488 3579 3682 3634; x_wconf 87' lang='lat' dir='ltr'><strong>transit</strong></span> <span class='ocrx_word' id='word_1_693' title='bbox 3718 3594 3887 3634; x_wconf 67' lang='lat' dir='ltr'><strong>exceo</strong></span> 
     </span>
    </p>
   </div>
   <div class='ocr_carea' id='block_1_79' title="bbox 2281 3665 3888 3740">
    <p class='ocr_par' dir='ltr' id='par_1_79' title="bbox 2281 3665 3888 3740">
     <span class='ocr_line' id='line_1_79' title="bbox 2281 3665 3888 3740; baseline 0.003 -21"><span class='ocrx_word' id='word_1_694' title='bbox 2281 3665 2390 3720; x_wconf 89' lang='lat' dir='ltr'><strong>dat.</strong></span> <span class='ocrx_word' id='word_1_695' title='bbox 2424 3665 2498 3738; x_wconf 88' lang='lat' dir='ltr'><strong>(g)</strong></span> <span class='ocrx_word' id='word_1_696' title='bbox 2529 3665 2799 3737; x_wconf 88' lang='lat' dir='ltr'><strong>Numquid</strong></span> <span class='ocrx_word' id='word_1_697' title='bbox 2845 3667 3102 3737; x_wconf 90' lang='lat' dir='ltr'><strong>possibile</strong></span> <span class='ocrx_word' id='word_1_698' title='bbox 3132 3677 3251 3723; x_wconf 88' lang='lat' dir='ltr'><strong>erat</strong></span> <span class='ocrx_word' id='word_1_699' title='bbox 3277 3683 3384 3724; x_wconf 90' lang='lat' dir='ltr'><strong>non</strong></span> <span class='ocrx_word' id='word_1_700' title='bbox 3425 3671 3535 3740; x_wconf 91' lang='lat' dir='ltr'><strong>pati</strong></span> <span class='ocrx_word' id='word_1_701' title='bbox 3562 3669 3888 3726; x_wconf 82' lang='lat' dir='ltr'><strong>Christum?</strong></span> 
     </span>
    </p>
   </div>
   <div class='ocr_carea' id='block_1_80' title="bbox 2277 3755 3888 3827">
    <p class='ocr_par' dir='ltr' id='par_1_80' title="bbox 2277 3755 3888 3827">
     <span class='ocr_line' id='line_1_80' title="bbox 2277 3755 3888 3827; baseline 0.004 -17"><span class='ocrx_word' id='word_1_702' title='bbox 2277 3755 2476 3827; x_wconf 85' lang='lat' dir='ltr'><strong>Atquin</strong></span> <span class='ocrx_word' id='word_1_703' title='bbox 2503 3756 2614 3826; x_wconf 85' lang='lat' dir='ltr'><strong>jam</strong></span> <span class='ocrx_word' id='word_1_704' title='bbox 2645 3772 2675 3811; x_wconf 92' lang='lat' dir='ltr'><strong>a</strong></span> <span class='ocrx_word' id='word_1_705' title='bbox 2702 3757 3087 3814; x_wconf 91' lang='lat' dir='ltr'><strong>constitutione</strong></span> <span class='ocrx_word' id='word_1_706' title='bbox 3126 3758 3309 3814; x_wconf 92' lang='lat' dir='ltr'><strong>mundi</strong></span> <span class='ocrx_word' id='word_1_707' title='bbox 3341 3770 3737 3817; x_wconf 85' lang='lat' dir='ltr'><strong>sacramentum</strong></span> <span class='ocrx_word' id='word_1_708' title='bbox 3778 3759 3888 3816; x_wconf 91' lang='lat' dir='ltr'><strong>hoc</strong></span> 
     </span>
    </p>
   </div>
   <div class='ocr_carea' id='block_1_81' title="bbox 2278 3847 3886 3925">
    <p class='ocr_par' dir='ltr' id='par_1_81' title="bbox 2278 3847 3886 3925">
     <span class='ocr_line' id='line_1_81' title="bbox 2278 3847 3886 3925; baseline 0.004 -23"><span class='ocrx_word' id='word_1_709' title='bbox 2278 3847 2334 3902; x_wconf 91' lang='lat' dir='ltr'><strong>in</strong></span> <span class='ocrx_word' id='word_1_710' title='bbox 2361 3863 2428 3903; x_wconf 91' lang='lat' dir='ltr'><strong>eo</strong></span> <span class='ocrx_word' id='word_1_711' title='bbox 2455 3857 2572 3904; x_wconf 87' lang='lat' dir='ltr'><strong>erat</strong></span> <span class='ocrx_word' id='word_1_712' title='bbox 2619 3858 2819 3904; x_wconf 63' lang='lat' dir='ltr'><strong>nostrae</strong></span> <span class='ocrx_word' id='word_1_713' title='bbox 2868 3849 3062 3907; x_wconf 89' lang='lat' dir='ltr'><strong>salutis</strong></span> <span class='ocrx_word' id='word_1_714' title='bbox 3102 3862 3405 3908; x_wconf 89' lang='lat' dir='ltr'><strong>ostensum.</strong></span> <span class='ocrx_word' id='word_1_715' title='bbox 3458 3852 3724 3925; x_wconf 84' lang='lat' dir='ltr'><strong>Numquid</strong></span> <span class='ocrx_word' id='word_1_716' title='bbox 3771 3852 3886 3923; x_wconf 84' lang='lat' dir='ltr'><strong>pati</strong></span> 
     </span>
    </p>
   </div>
   <div class='ocr_carea' id='block_1_82' title="bbox 2277 3938 3886 4015">
    <p class='ocr_par' dir='ltr' id='par_1_82' title="bbox 2277 3938 3886 4015">
     <span class='ocr_line' id='line_1_82' title="bbox 2277 3938 3886 4015; baseline 0.005 -21"><span class='ocrx_word' id='word_1_717' title='bbox 2277 3938 2394 4009; x_wconf 91' lang='lat' dir='ltr'><strong>ipse</strong></span> <span class='ocrx_word' id='word_1_718' title='bbox 2425 3940 2687 3996; x_wconf 90' lang='lat' dir='ltr'><strong>nolebat?</strong></span> <span class='ocrx_word' id='word_1_719' title='bbox 2714 3940 2915 4013; x_wconf 81' lang='lat' dir='ltr'><strong>Atquin</strong></span> <span class='ocrx_word' id='word_1_720' title='bbox 2943 3943 3194 4015; x_wconf 87' lang='lat' dir='ltr'><strong>superius</strong></span> <span class='ocrx_word' id='word_1_721' title='bbox 3223 3944 3553 4001; x_wconf 89' lang='lat' dir='ltr'><strong>fundendum</strong></span> <span class='ocrx_word' id='word_1_722' title='bbox 3584 3945 3642 4002; x_wconf 90' lang='lat' dir='ltr'><strong>in</strong></span> <span class='ocrx_word' id='word_1_723' title='bbox 3684 3947 3886 4002; x_wconf 88' lang='lat' dir='ltr'><strong>remis-</strong></span> 
     </span>
    </p>
   </div>
   <div class='ocr_carea' id='block_1_83' title="bbox 2277 4033 3887 4111">
    <p class='ocr_par' dir='ltr' id='par_1_83' title="bbox 2277 4033 3887 4111">
     <span class='ocr_line' id='line_1_83' title="bbox 2277 4033 3887 4111; baseline 0.006 -23"><span class='ocrx_word' id='word_1_724' title='bbox 2277 4033 2487 4090; x_wconf 89' lang='lat' dir='ltr'><strong>sionem</strong></span> <span class='ocrx_word' id='word_1_725' title='bbox 2518 4045 2860 4105; x_wconf 88' lang='lat' dir='ltr'><strong>peccatorum</strong></span> <span class='ocrx_word' id='word_1_726' title='bbox 2904 4037 3151 4108; x_wconf 90' lang='lat' dir='ltr'><strong>corporis</strong></span> <span class='ocrx_word' id='word_1_727' title='bbox 3198 4039 3280 4094; x_wconf 90' lang='lat' dir='ltr'><strong>sui</strong></span> <span class='ocrx_word' id='word_1_728' title='bbox 3323 4040 3643 4111; x_wconf 88' lang='lat' dir='ltr'><strong>sanguinem</strong></span> <span class='ocrx_word' id='word_1_729' title='bbox 3687 4056 3887 4098; x_wconf 83' lang='lat' dir='ltr'><strong>conse-</strong></span> 
     </span>
    </p>
   </div>
   <div class='ocr_carea' id='block_1_84' title="bbox 2277 4127 3890 4206">
    <p class='ocr_par' dir='ltr' id='par_1_84' title="bbox 2277 4127 3890 4206">
     <span class='ocr_line' id='line_1_84' title="bbox 2277 4127 3890 4206; baseline 0.004 -24"><span class='ocrx_word' id='word_1_730' title='bbox 2277 4136 2522 4183; x_wconf 90' lang='lat' dir='ltr'><strong>craverat</strong></span> <span class='ocrx_word' id='word_1_731' title='bbox 2547 4127 2736 4200; x_wconf 87' lang='lat' dir='ltr'><strong>(Ibid.,</strong></span> <span class='ocrx_word' id='word_1_732' title='bbox 2757 4127 2872 4200; x_wconf 77' lang='lat'><strong>28).</strong></span> <span class='ocrx_word' id='word_1_733' title='bbox 2903 4128 3186 4198; x_wconf 83' lang='lat' dir='ltr'><strong>Quomodo</strong></span> <span class='ocrx_word' id='word_1_734' title='bbox 3209 4146 3340 4202; x_wconf 90' lang='lat' dir='ltr'><strong>ergo</strong></span> <span class='ocrx_word' id='word_1_735' title='bbox 3363 4133 3461 4200; x_wconf 87' lang='lat' dir='ltr'><strong>ait,</strong></span> <span class='ocrx_word' id='word_1_736' title='bbox 3484 4131 3666 4201; x_wconf 83' lang='lat' dir='ltr'><strong>Pater,</strong></span> <span class='ocrx_word' id='word_1_737' title='bbox 3685 4134 3731 4189; x_wconf 89' lang='lat' dir='ltr'><strong>si</strong></span> <span class='ocrx_word' id='word_1_738' title='bbox 3760 4150 3890 4206; x_wconf 77' lang='lat' dir='ltr'><strong>pos-</strong></span> 
     </span>
    </p>
   </div>
   <div class='ocr_carea' id='block_1_85' title="bbox 2279 4215 3887 4296">
    <p class='ocr_par' dir='ltr' id='par_1_85' title="bbox 2279 4215 3887 4296">
     <span class='ocr_line' id='line_1_85' title="bbox 2279 4215 3887 4296; baseline 0.007 -26"><span class='ocrx_word' id='word_1_739' title='bbox 2279 4215 2423 4272; x_wconf 88' lang='lat' dir='ltr'><strong>sibile</strong></span> <span class='ocrx_word' id='word_1_740' title='bbox 2452 4228 2523 4274; x_wconf 89' lang='lat' dir='ltr'><strong>est</strong></span> <span class='ocrx_word' id='word_1_741' title='bbox 2545 4220 2570 4272; x_wconf 86' lang='lat'><strong><em>?</em></strong></span> <span class='ocrx_word' id='word_1_742' title='bbox 2613 4228 2669 4275; x_wconf 90' lang='lat' dir='ltr'><strong>et</strong></span> <span class='ocrx_word' id='word_1_743' title='bbox 2693 4220 2988 4291; x_wconf 88' lang='lat' dir='ltr'><strong>quomodo,</strong></span> <span class='ocrx_word' id='word_1_744' title='bbox 3027 4220 3153 4277; x_wconf 89' lang='lat' dir='ltr'><strong>Non</strong></span> <span class='ocrx_word' id='word_1_745' title='bbox 3182 4223 3314 4278; x_wconf 86' lang='lat' dir='ltr'><strong>sicut</strong></span> <span class='ocrx_word' id='word_1_746' title='bbox 3335 4241 3425 4296; x_wconf 89' lang='lat' dir='ltr'><strong>ego</strong></span> <span class='ocrx_word' id='word_1_747' title='bbox 3453 4227 3588 4293; x_wconf 79' lang='lat' dir='ltr'><strong>volo,</strong></span> <span class='ocrx_word' id='word_1_748' title='bbox 3619 4227 3711 4282; x_wconf 81' lang='lat' dir='ltr'><strong>sed</strong></span> <span class='ocrx_word' id='word_1_749' title='bbox 3748 4228 3887 4282; x_wconf 72' lang='lat' dir='ltr'><strong>sicut</strong></span> 
     </span>
    </p>
   </div>
   <div class='ocr_carea' id='block_1_86' title="bbox 2278 4313 3885 4390">
    <p class='ocr_par' dir='ltr' id='par_1_86' title="bbox 2278 4313 3885 4390">
     <span class='ocr_line' id='line_1_86' title="bbox 2278 4313 3885 4390; baseline 0.008 -26"><span class='ocrx_word' id='word_1_750' title='bbox 2278 4319 2334 4365; x_wconf 87' lang='lat' dir='ltr'><strong>tu</strong></span> <span class='ocrx_word' id='word_1_751' title='bbox 2358 4313 2476 4368; x_wconf 82' lang='lat' dir='ltr'><strong>vis?</strong></span> <span class='ocrx_word' id='word_1_752' title='bbox 2501 4314 2668 4372; x_wconf 89' lang='lat' dir='ltr'><strong>Totus</strong></span> <span class='ocrx_word' id='word_1_753' title='bbox 2694 4315 2855 4387; x_wconf 90' lang='lat' dir='ltr'><strong>igitur</strong></span> <span class='ocrx_word' id='word_1_754' title='bbox 2883 4331 3050 4387; x_wconf 85' lang='lat' dir='ltr'><strong>super</strong></span> <span class='ocrx_word' id='word_1_755' title='bbox 3069 4315 3157 4373; x_wconf 83' lang='lat' dir='ltr'><strong>itis</strong></span> <span class='ocrx_word' id='word_1_756' title='bbox 3182 4317 3275 4388; x_wconf 91' lang='lat' dir='ltr'><strong>qui</strong></span> <span class='ocrx_word' id='word_1_757' title='bbox 3304 4321 3511 4390; x_wconf 89' lang='lat' dir='ltr'><strong>passuri</strong></span> <span class='ocrx_word' id='word_1_758' title='bbox 3530 4329 3686 4377; x_wconf 90' lang='lat' dir='ltr'><strong>erant</strong></span> <span class='ocrx_word' id='word_1_759' title='bbox 3704 4329 3885 4377; x_wconf 78' lang='lat' dir='ltr'><strong>metus</strong></span> 
     </span>
    </p>
   </div>
   <div class='ocr_carea' id='block_1_87' title="bbox 652 4409 3885 4501">
    <p class='ocr_par' dir='ltr' id='par_1_87' title="bbox 652 4409 3885 4501">
     <span class='ocr_line' id='line_1_87' title="bbox 652 4409 3885 4501; baseline 0.002 -14"><span class='ocrx_word' id='word_1_760' title='bbox 652 4414 729 4487; x_wconf 83' lang='grc' dir='ltr'><strong>(α)</strong></span> <span class='ocrx_word' id='word_1_761' title='bbox 781 4413 916 4501; x_wconf 58' lang='grc' dir='ltr'>ἓξ)Ῑῇ</span> <span class='ocrx_word' id='word_1_762' title='bbox 942 4410 1267 4501; x_wconf 58' lang='lat' dir='ltr'><strong>09§t19__1:ar-</strong></span> <span class='ocrx_word' id='word_1_763' title='bbox 1288 4410 1386 4501; x_wconf 57' lang='grc' dir='ltr'><strong>ξῗξί</strong></span> <span class='ocrx_word' id='word_1_764' title='bbox 1411 4409 1721 4501; x_wconf 36' lang='lat' dir='ltr'><strong>Eii“???</strong></span> <span class='ocrx_word' id='word_1_765' title='bbox 1745 4419 1855 4468; x_wconf 71' lang='grc' dir='ltr'><strong>ίυηι</strong></span> <span class='ocrx_word' id='word_1_766' title='bbox 1879 4429 2000 4501; x_wconf 63' lang='grc' dir='ltr'><strong>ειιει)</strong></span> <span class='ocrx_word' id='word_1_767' title='bbox 2041 4432 2172 4474; x_wconf 75' lang='lat' dir='ltr'><strong>mss-</strong></span> <span class='ocrx_word' id='word_1_768' title='bbox 2205 4425 2260 4487; x_wconf 89' lang='lat' dir='ltr'><strong>D</strong></span> <span class='ocrx_word' id='word_1_769' title='bbox 2283 4439 2508 4501; x_wconf 79' lang='lat' dir='ltr'><strong>conatur</strong></span> <span class='ocrx_word' id='word_1_770' title='bbox 2531 4472 2546 4496; x_wconf 90' lang='lat'><strong>,</strong></span> <span class='ocrx_word' id='word_1_771' title='bbox 2593 4446 2712 4501; x_wconf 68' lang='lat' dir='ltr'><strong>quae</strong></span> <span class='ocrx_word' id='word_1_772' title='bbox 2743 4430 3015 4488; x_wconf 90' lang='lat' dir='ltr'><strong>hominem</strong></span> <span class='ocrx_word' id='word_1_773' title='bbox 3062 4431 3230 4487; x_wconf 90' lang='lat' dir='ltr'><strong>Deum</strong></span> <span class='ocrx_word' id='word_1_774' title='bbox 3263 4448 3367 4490; x_wconf 92' lang='lat' dir='ltr'><strong>non</strong></span> <span class='ocrx_word' id='word_1_775' title='bbox 3397 4435 3674 4492; x_wconf 89' lang='lat' dir='ltr'><strong>dedeceat.</strong></span> <span class='ocrx_word' id='word_1_776' title='bbox 3724 4436 3885 4493; x_wconf 80' lang='lat' dir='ltr'><strong>Hunc</strong></span> 
     </span>
    </p>
   </div>
   <div class='ocr_carea' id='block_1_88' title="bbox 579 4482 2008 4554">
    <p class='ocr_par' dir='ltr' id='par_1_88' title="bbox 579 4482 2008 4554">
     <span class='ocr_line' id='line_1_88' title="bbox 579 4482 2008 4554; baseline -0.001 -12"><span class='ocrx_word' id='word_1_777' title='bbox 579 4482 766 4554; x_wconf 59' lang='lat' dir='ltr'><strong>nam,</strong></span> <span class='ocrx_word' id='word_1_778' title='bbox 795 4483 950 4539; x_wconf 89' lang='lat' dir='ltr'><strong>Colb.</strong></span> <span class='ocrx_word' id='word_1_779' title='bbox 975 4482 1216 4554; x_wconf 33' lang='lat' dir='ltr'><strong>et‘Carn.</strong></span> <span class='ocrx_word' id='word_1_780' title='bbox 1239 4521 1254 4546; x_wconf 93' lang='lat'><strong>,</strong></span> <span class='ocrx_word' id='word_1_781' title='bbox 1284 4497 1371 4554; x_wconf 78' lang='lat' dir='ltr'><strong>per</strong></span> <span class='ocrx_word' id='word_1_782' title='bbox 1400 4497 1517 4535; x_wconf 85' lang='lat' dir='ltr'><strong>eam</strong></span> <span class='ocrx_word' id='word_1_783' title='bbox 1547 4482 1778 4554; x_wconf 72' lang='lat' dir='ltr'><strong>quicum</strong></span> <span class='ocrx_word' id='word_1_784' title='bbox 1805 4487 2008 4540; x_wconf 86' lang='lat' dir='ltr'><strong>creavit.</strong></span> 
     </span>
    </p>
   </div>
   <div class='ocr_carea' id='block_1_89' title="bbox 653 4551 2173 4630">
    <p class='ocr_par' dir='ltr' id='par_1_89' title="bbox 653 4551 2173 4630">
     <span class='ocr_line' id='line_1_89' title="bbox 653 4551 2173 4630; baseline 0.002 -17"><span class='ocrx_word' id='word_1_785' title='bbox 653 4555 728 4630; x_wconf 71' lang='grc' dir='ltr'>(ὁ)</span> <span class='ocrx_word' id='word_1_786' title='bbox 753 4551 818 4611; x_wconf 56' lang='grc' dir='ltr'><strong>⁷Ιά</strong></span> <span class='ocrx_word' id='word_1_787' title='bbox 857 4561 968 4618; x_wconf 87' lang='lat' dir='ltr'><strong>est,</strong></span> <span class='ocrx_word' id='word_1_788' title='bbox 1014 4551 1213 4630; x_wconf 80' lang='lat' dir='ltr'><strong>Christi</strong></span> <span class='ocrx_word' id='word_1_789' title='bbox 1265 4551 1426 4607; x_wconf 90' lang='lat' dir='ltr'><strong>etiam</strong></span> <span class='ocrx_word' id='word_1_790' title='bbox 1459 4552 1753 4608; x_wconf 89' lang='lat' dir='ltr'><strong>secundum</strong></span> <span class='ocrx_word' id='word_1_791' title='bbox 1782 4570 1900 4610; x_wconf 88' lang='lat' dir='ltr'><strong>eam</strong></span> <span class='ocrx_word' id='word_1_792' title='bbox 1928 4566 2173 4617; x_wconf 91' lang='lat' dir='ltr'><strong>naturam</strong></span> 
     </span>
    </p>
   </div>
   <div class='ocr_carea' id='block_1_90' title="bbox 585 4623 1261 4704">
    <p class='ocr_par' dir='ltr' id='par_1_90' title="bbox 585 4623 1261 4704">
     <span class='ocr_line' id='line_1_90' title="bbox 585 4623 1261 4704; baseline -0.019 -16"><span class='ocrx_word' id='word_1_793' title='bbox 585 4623 1261 4704; x_wconf 56' lang='lat' dir='ltr'><strong>quat&#39;_corpus_assunipsit.</strong></span> 
     </span>
    </p>
   </div>
   <div class='ocr_carea' id='block_1_91' title="bbox 662 4692 2167 4773">
    <p class='ocr_par' dir='ltr' id='par_1_91' title="bbox 662 4692 2167 4773">
     <span class='ocr_line' id='line_1_91' title="bbox 662 4692 2167 4773; baseline 0.003 -19"><span class='ocrx_word' id='word_1_794' title='bbox 662 4692 1305 4773; x_wconf 27' lang='lat' dir='ltr'><strong>(Cliti-VldlgaliquuOd</strong></span> <span class='ocrx_word' id='word_1_795' title='bbox 1351 4693 1415 4748; x_wconf 91' lang='lat' dir='ltr'><strong>si.</strong></span> <span class='ocrx_word' id='word_1_796' title='bbox 1453 4693 1761 4773; x_wconf 82' lang='lat' dir='ltr'><strong>Elegantius</strong></span> <span class='ocrx_word' id='word_1_797' title='bbox 1791 4698 1843 4752; x_wconf 94' lang='lat' dir='ltr'><strong>in</strong></span> <span class='ocrx_word' id='word_1_798' title='bbox 1891 4715 2021 4758; x_wconf 88' lang='lat' dir='ltr'><strong>mss.</strong></span> <span class='ocrx_word' id='word_1_799' title='bbox 2049 4706 2167 4773; x_wconf 84' lang='lat' dir='ltr'><strong>qui,</strong></span> 
     </span>
    </p>
   </div>
   <div class='ocr_carea' id='block_1_92' title="bbox 589 4769 2131 4838">
    <p class='ocr_par' dir='ltr' id='par_1_92' title="bbox 589 4769 2131 4838">
     <span class='ocr_line' id='line_1_92' title="bbox 589 4769 2131 4838; baseline -0.001 -10"><span class='ocrx_word' id='word_1_800' title='bbox 589 4771 705 4828; x_wconf 91' lang='lat' dir='ltr'><strong>scil.</strong></span> <span class='ocrx_word' id='word_1_801' title='bbox 740 4769 953 4833; x_wconf 75' lang='lat' dir='ltr'><strong>Ariani,</strong></span> <span class='ocrx_word' id='word_1_802' title='bbox 979 4781 1205 4838; x_wconf 86' lang='lat' dir='ltr'><strong>quorum</strong></span> <span class='ocrx_word' id='word_1_803' title='bbox 1234 4769 1605 4838; x_wconf 20' lang='lat' dir='ltr'><strong>est‘seutentia</strong></span> <span class='ocrx_word' id='word_1_804' title='bbox 1635 4769 1782 4838; x_wconf 91' lang='lat' dir='ltr'><strong>prius</strong></span> <span class='ocrx_word' id='word_1_805' title='bbox 1815 4769 2131 4828; x_wconf 80' lang='lat' dir='ltr'><strong>memorata.</strong></span> 
     </span>
    </p>
   </div>
   <div class='ocr_carea' id='block_1_93' title="bbox 656 4835 2165 4912">
    <p class='ocr_par' dir='ltr' id='par_1_93' title="bbox 656 4835 2165 4912">
     <span class='ocr_line' id='line_1_93' title="bbox 656 4835 2165 4912; baseline 0.009 -25"><span class='ocrx_word' id='word_1_806' title='bbox 656 4842 737 4912; x_wconf 77' lang='grc' dir='ltr'>(ά)</span> <span class='ocrx_word' id='word_1_807' title='bbox 800 4835 1210 4912; x_wconf 68' lang='lat' dir='ltr'><strong>Viiidticinetisis</strong></span> <span class='ocrx_word' id='word_1_808' title='bbox 1235 4835 1427 4912; x_wconf 65' lang='lat' dir='ltr'><strong>codett,</strong></span> <span class='ocrx_word' id='word_1_809' title='bbox 1453 4847 1570 4892; x_wconf 84' lang='lat' dir='ltr'><strong>ante</strong></span> <span class='ocrx_word' id='word_1_810' title='bbox 1596 4835 1748 4912; x_wconf 78' lang='lat' dir='ltr'><strong>quam</strong></span> <span class='ocrx_word' id='word_1_811' title='bbox 1771 4843 2017 4898; x_wconf 85' lang='lat' dir='ltr'><strong>nascitur.</strong></span> <span class='ocrx_word' id='word_1_812' title='bbox 2051 4845 2165 4900; x_wconf 86' lang='lat' dir='ltr'><strong>Non</strong></span> 
     </span>
    </p>
   </div>
   <div class='ocr_carea' id='block_1_94' title="bbox 583 4906 2171 4984">
    <p class='ocr_par' dir='ltr' id='par_1_94' title="bbox 583 4906 2171 4984">
     <span class='ocr_line' id='line_1_94' title="bbox 583 4906 2171 4984; baseline -0.002 -15"><span class='ocrx_word' id='word_1_813' title='bbox 583 4906 896 4984; x_wconf 51' lang='lat' dir='ltr'><strong>sat&#39;is&#39;caute</strong></span> <span class='ocrx_word' id='word_1_814' title='bbox 929 4911 1042 4963; x_wconf 80' lang='lat' dir='ltr'><strong>bmc</strong></span> <span class='ocrx_word' id='word_1_815' title='bbox 1075 4906 1323 4962; x_wconf 90' lang='lat' dir='ltr'><strong>videntur</strong></span> <span class='ocrx_word' id='word_1_816' title='bbox 1359 4908 1526 4984; x_wconf 78' lang='lat' dir='ltr'><strong>dicta,</strong></span> <span class='ocrx_word' id='word_1_817' title='bbox 1565 4911 1723 4984; x_wconf 91' lang='lat' dir='ltr'><strong>quas_i</strong></span> <span class='ocrx_word' id='word_1_818' title='bbox 1743 4913 1963 4984; x_wconf 85' lang='lat' dir='ltr'><strong>cogitari</strong></span> <span class='ocrx_word' id='word_1_819' title='bbox 1987 4924 2171 4984; x_wconf 82' lang='lat' dir='ltr'><strong>posset</strong></span> 
     </span>
    </p>
   </div>
   <div class='ocr_carea' id='block_1_95' title="bbox 585 4979 2166 5056">
    <p class='ocr_par' dir='ltr' id='par_1_95' title="bbox 585 4979 2166 5056">
     <span class='ocr_line' id='line_1_95' title="bbox 585 4979 2166 5056; baseline -0.001 -17"><span class='ocrx_word' id='word_1_820' title='bbox 585 4982 800 5056; x_wconf 89' lang='lat' dir='ltr'><strong>aliquod</strong></span> <span class='ocrx_word' id='word_1_821' title='bbox 833 4992 1041 5046; x_wconf 89' lang='lat' dir='ltr'><strong>tempus</strong></span> <span class='ocrx_word' id='word_1_822' title='bbox 1062 5021 1075 5043; x_wconf 92' lang='lat'><strong>,</strong></span> <span class='ocrx_word' id='word_1_823' title='bbox 1101 4994 1206 5056; x_wconf 78' lang='lat' dir='ltr'><strong>quo</strong></span> <span class='ocrx_word' id='word_1_824' title='bbox 1232 4979 1466 5056; x_wconf 77' lang='lat' dir='ltr'><strong>nondum</strong></span> <span class='ocrx_word' id='word_1_825' title='bbox 1491 4990 1646 5035; x_wconf 90' lang='lat' dir='ltr'><strong>natus</strong></span> <span class='ocrx_word' id='word_1_826' title='bbox 1683 4979 1848 5036; x_wconf 72' lang='lat' dir='ltr'><strong>Filius</strong></span> <span class='ocrx_word' id='word_1_827' title='bbox 1875 4979 2037 5052; x_wconf 79' lang='lat' dir='ltr'><strong>penes</strong></span> <span class='ocrx_word' id='word_1_828' title='bbox 2065 4987 2166 5041; x_wconf 79' lang='lat' dir='ltr'><strong>Pa-</strong></span> 
     </span>
    </p>
   </div>
   <div class='ocr_carea' id='block_1_96' title="bbox 587 5050 2174 5118">
    <p class='ocr_par' dir='ltr' id='par_1_96' title="bbox 587 5050 2174 5118">
     <span class='ocr_line' id='line_1_96' title="bbox 587 5050 2174 5118; baseline 0.001 -8"><span class='ocrx_word' id='word_1_829' title='bbox 587 5050 722 5110; x_wconf 79' lang='lat' dir='ltr'><strong>trem</strong></span> <span class='ocrx_word' id='word_1_830' title='bbox 753 5062 954 5108; x_wconf 90' lang='lat' dir='ltr'><strong>tantum</strong></span> <span class='ocrx_word' id='word_1_831' title='bbox 979 5050 1292 5104; x_wconf 77' lang='lat' dir='ltr'><strong>exstitisset.</strong></span> <span class='ocrx_word' id='word_1_832' title='bbox 1323 5053 1389 5103; x_wconf 77' lang='lat' dir='ltr'><strong>At</strong></span> <span class='ocrx_word' id='word_1_833' title='bbox 1417 5050 1558 5106; x_wconf 89' lang='lat' dir='ltr'><strong>hunc</strong></span> <span class='ocrx_word' id='word_1_834' title='bbox 1589 5067 1806 5118; x_wconf 89' lang='lat' dir='ltr'><strong>pravum</strong></span> <span class='ocrx_word' id='word_1_835' title='bbox 1839 5050 2053 5110; x_wconf 83' lang='lat' dir='ltr'><strong>sensum</strong></span> <span class='ocrx_word' id='word_1_836' title='bbox 2088 5072 2174 5112; x_wconf 88' lang='lat' dir='ltr'><strong>re-</strong></span> 
     </span>
    </p>
   </div>
   <div class='ocr_carea' id='block_1_97' title="bbox 583 5119 2172 5198">
    <p class='ocr_par' dir='ltr' id='par_1_97' title="bbox 583 5119 2172 5198">
     <span class='ocr_line' id='line_1_97' title="bbox 583 5119 2172 5198; baseline 0 -16"><span class='ocrx_word' id='word_1_837' title='bbox 583 5127 776 5182; x_wconf 81' lang='lat' dir='ltr'><strong>fellunt</strong></span> <span class='ocrx_word' id='word_1_838' title='bbox 802 5124 1038 5198; x_wconf 60' lang='lat' dir='ltr'><strong>subuersa</strong></span> <span class='ocrx_word' id='word_1_839' title='bbox 1059 5119 1288 5198; x_wconf 76' lang='lat' dir='ltr'><strong>eamdem</strong></span> <span class='ocrx_word' id='word_1_840' title='bbox 1305 5120 1502 5198; x_wconf 70' lang='lat' dir='ltr'><strong>scilicet</strong></span> <span class='ocrx_word' id='word_1_841' title='bbox 1532 5123 1863 5198; x_wconf 71' lang='lat' dir='ltr'><strong>teternitatem</strong></span> <span class='ocrx_word' id='word_1_842' title='bbox 1893 5141 1999 5198; x_wconf 82' lang='lat' dir='ltr'><strong>esse</strong></span> <span class='ocrx_word' id='word_1_843' title='bbox 2018 5139 2067 5181; x_wconf 87' lang='lat' dir='ltr'><strong>et</strong></span> <span class='ocrx_word' id='word_1_844' title='bbox 2090 5128 2172 5198; x_wconf 84' lang='lat' dir='ltr'><strong>gi-</strong></span> 
     </span>
    </p>
   </div>
   <div class='ocr_carea' id='block_1_98' title="bbox 585 5191 2172 5269">
    <p class='ocr_par' dir='ltr' id='par_1_98' title="bbox 585 5191 2172 5269">
     <span class='ocr_line' id='line_1_98' title="bbox 585 5191 2172 5269; baseline 0 -17"><span class='ocrx_word' id='word_1_845' title='bbox 585 5199 786 5269; x_wconf 84' lang='lat' dir='ltr'><strong>gnentis</strong></span> <span class='ocrx_word' id='word_1_846' title='bbox 808 5206 853 5248; x_wconf 91' lang='lat' dir='ltr'><strong>et</strong></span> <span class='ocrx_word' id='word_1_847' title='bbox 883 5193 1057 5269; x_wconf 79' lang='lat' dir='ltr'><strong>geniti.</strong></span> <span class='ocrx_word' id='word_1_848' title='bbox 1094 5191 1276 5269; x_wconf 81' lang='lat' dir='ltr'><strong>Neque</strong></span> <span class='ocrx_word' id='word_1_849' title='bbox 1304 5191 1390 5245; x_wconf 91' lang='lat' dir='ltr'><strong>hic</strong></span> <span class='ocrx_word' id='word_1_850' title='bbox 1415 5192 1946 5269; x_wconf 80' lang='lat' dir='ltr'><strong>_re_petendum_quod</strong></span> <span class='ocrx_word' id='word_1_851' title='bbox 1981 5198 2034 5252; x_wconf 91' lang='lat' dir='ltr'><strong>in</strong></span> <span class='ocrx_word' id='word_1_852' title='bbox 2060 5191 2172 5252; x_wconf 56' lang='lat' dir='ltr'><strong>A&#39;d-</strong></span> 
     </span>
    </p>
   </div>
   <div class='ocr_carea' id='block_1_99' title="bbox 584 5261 2176 5330">
    <p class='ocr_par' dir='ltr' id='par_1_99' title="bbox 584 5261 2176 5330">
     <span class='ocr_line' id='line_1_99' title="bbox 584 5261 2176 5330; baseline 0.001 -7"><span class='ocrx_word' id='word_1_853' title='bbox 584 5261 978 5328; x_wconf 61' lang='lat' dir='ltr'><strong>inonitione&#39;de</strong></span> <span class='ocrx_word' id='word_1_854' title='bbox 1021 5265 1122 5318; x_wconf 85' lang='lat' dir='ltr'><strong>hoc</strong></span> <span class='ocrx_word' id='word_1_855' title='bbox 1150 5263 1268 5315; x_wconf 92' lang='lat' dir='ltr'><strong>loco</strong></span> <span class='ocrx_word' id='word_1_856' title='bbox 1298 5261 1501 5330; x_wconf 69' lang='lat' dir='ltr'><strong>praefati</strong></span> <span class='ocrx_word' id='word_1_857' title='bbox 1529 5279 1732 5317; x_wconf 91' lang='lat' dir='ltr'><strong>sumus.</strong></span> <span class='ocrx_word' id='word_1_858' title='bbox 1760 5261 1868 5321; x_wconf 83' lang='lat' dir='ltr'><strong>Cur</strong></span> <span class='ocrx_word' id='word_1_859' title='bbox 1905 5277 2082 5323; x_wconf 87' lang='lat' dir='ltr'><strong>autem</strong></span> <span class='ocrx_word' id='word_1_860' title='bbox 2107 5269 2176 5326; x_wconf 90' lang='lat' dir='ltr'><strong>de</strong></span> 
     </span>
    </p>
   </div>
   <div class='ocr_carea' id='block_1_100' title="bbox 587 5333 2173 5409">
    <p class='ocr_par' dir='ltr' id='par_1_100' title="bbox 587 5333 2173 5409">
     <span class='ocr_line' id='line_1_100' title="bbox 587 5333 2173 5409; baseline 0.001 -16"><span class='ocrx_word' id='word_1_861' title='bbox 587 5339 748 5393; x_wconf 80' lang='lat' dir='ltr'><strong>Verbi</strong></span> <span class='ocrx_word' id='word_1_862' title='bbox 775 5333 1118 5408; x_wconf 62' lang='lat' dir='ltr'><strong>geneﬁttione</strong></span> <span class='ocrx_word' id='word_1_863' title='bbox 1140 5333 1530 5409; x_wconf 78' lang='lat' dir='ltr'><strong>disserentihus</strong></span> <span class='ocrx_word' id='word_1_864' title='bbox 1551 5350 1656 5409; x_wconf 85' lang='lat' dir='ltr'><strong>non</strong></span> <span class='ocrx_word' id='word_1_865' title='bbox 1670 5337 1740 5390; x_wconf 89' lang='lat' dir='ltr'><strong>sit</strong></span> <span class='ocrx_word' id='word_1_866' title='bbox 1763 5338 2173 5409; x_wconf 85' lang='lat' dir='ltr'><strong>admittendum,</strong></span> 
     </span>
    </p>
   </div>
   <div class='ocr_carea' id='block_1_101' title="bbox 583 5405 2180 5481">
    <p class='ocr_par' dir='ltr' id='par_1_101' title="bbox 583 5405 2180 5481">
     <span class='ocr_line' id='line_1_101' title="bbox 583 5405 2180 5481; baseline 0.001 -16"><span class='ocrx_word' id='word_1_867' title='bbox 583 5410 717 5465; x_wconf 84' lang='lat' dir='ltr'><strong>illud</strong></span> <span class='ocrx_word' id='word_1_868' title='bbox 739 5405 1012 5481; x_wconf 67' lang='lat' dir='ltr'><strong>antequam</strong></span> <span class='ocrx_word' id='word_1_869' title='bbox 1043 5405 1293 5481; x_wconf 78' lang='lat' dir='ltr'><strong>nascitur,</strong></span> <span class='ocrx_word' id='word_1_870' title='bbox 1331 5405 1576 5481; x_wconf 74' lang='lat' dir='ltr'><strong>pluribus</strong></span> <span class='ocrx_word' id='word_1_871' title='bbox 1607 5405 1780 5481; x_wconf 83' lang='lat' dir='ltr'><strong>_docet</strong></span> <span class='ocrx_word' id='word_1_872' title='bbox 1808 5409 2037 5465; x_wconf 86' lang='lat' dir='ltr'><strong>Hilarius</strong></span> <span class='ocrx_word' id='word_1_873' title='bbox 2064 5405 2180 5481; x_wconf 80' lang='lat' dir='ltr'><strong>ipse</strong></span> 
     </span>
    </p>
   </div>
   <div class='ocr_carea' id='block_1_102' title="bbox 584 5476 2178 5546">
    <p class='ocr_par' dir='ltr' id='par_1_102' title="bbox 584 5476 2178 5546">
     <span class='ocr_line' id='line_1_102' title="bbox 584 5476 2178 5546; baseline 0.002 -11"><span class='ocrx_word' id='word_1_874' title='bbox 584 5481 682 5536; x_wconf 89' lang='lat' dir='ltr'><strong>lib.</strong></span> <span class='ocrx_word' id='word_1_875' title='bbox 717 5497 792 5535; x_wconf 70' lang='grc' dir='ltr'><strong>χιι</strong></span> <span class='ocrx_word' id='word_1_876' title='bbox 821 5480 889 5535; x_wconf 92' lang='lat' dir='ltr'><strong>de</strong></span> <span class='ocrx_word' id='word_1_877' title='bbox 919 5477 1067 5533; x_wconf 89' lang='lat' dir='ltr'><strong>Trin.</strong></span> <span class='ocrx_word' id='word_1_878' title='bbox 1096 5476 1410 5530; x_wconf 88' lang='lat' dir='ltr'><strong>instructior</strong></span> <span class='ocrx_word' id='word_1_879' title='bbox 1447 5476 1772 5544; x_wconf 41' lang='lat' dir='ltr'><strong>jam‘faetus</strong></span> <span class='ocrx_word' id='word_1_880' title='bbox 1793 5520 1808 5546; x_wconf 94' lang='lat'><strong>,</strong></span> <span class='ocrx_word' id='word_1_881' title='bbox 1831 5490 1887 5535; x_wconf 90' lang='lat' dir='ltr'><strong>et</strong></span> <span class='ocrx_word' id='word_1_882' title='bbox 1917 5481 1969 5535; x_wconf 88' lang='lat' dir='ltr'><strong>in</strong></span> <span class='ocrx_word' id='word_1_883' title='bbox 1999 5476 2178 5539; x_wconf 80' lang='lat' dir='ltr'><strong>verbis</strong></span> 
     </span>
    </p>
   </div>
   <div class='ocr_carea' id='block_1_103' title="bbox 579 5553 807 5607">
    <p class='ocr_par' dir='ltr' id='par_1_103' title="bbox 579 5553 807 5607">
     <span class='ocr_line' id='line_1_103' title="bbox 579 5553 807 5607; baseline -0.009 -1"><span class='ocrx_word' id='word_1_884' title='bbox 579 5553 807 5607; x_wconf 86' lang='lat' dir='ltr'><strong>cautior.</strong></span> 
     </span>
    </p>
   </div>
   <div class='ocr_carea' id='block_1_104' title="bbox 661 5617 2174 5695">
    <p class='ocr_par' dir='ltr' id='par_1_104' title="bbox 661 5617 2174 5695">
     <span class='ocr_line' id='line_1_104' title="bbox 661 5617 2174 5695; baseline 0.003 -19"><span class='ocrx_word' id='word_1_885' title='bbox 661 5623 734 5695; x_wconf 85' lang='lat' dir='ltr'><strong>(e)</strong></span> <span class='ocrx_word' id='word_1_886' title='bbox 777 5623 1052 5695; x_wconf 79' lang='lat' dir='ltr'><strong>Romanus</strong></span> <span class='ocrx_word' id='word_1_887' title='bbox 1095 5617 1266 5674; x_wconf 84' lang='lat' dir='ltr'><strong>codex</strong></span> <span class='ocrx_word' id='word_1_888' title='bbox 1296 5632 1419 5695; x_wconf 64' lang='lat' dir='ltr'><strong>cum</strong></span> <span class='ocrx_word' id='word_1_889' title='bbox 1442 5619 1598 5695; x_wconf 76' lang='lat' dir='ltr'><strong>Cplb.</strong></span> <span class='ocrx_word' id='word_1_890' title='bbox 1638 5626 1706 5695; x_wconf 73' lang='lat' dir='ltr'><strong>et</strong></span> <span class='ocrx_word' id='word_1_891' title='bbox 1723 5619 1917 5695; x_wconf 65' lang='lat' dir='ltr'><strong>Gai-11.,</strong></span> <span class='ocrx_word' id='word_1_892' title='bbox 1966 5637 2174 5682; x_wconf 79' lang='lat' dir='ltr'><strong>mwstus</strong></span> 
     </span>
    </p>
   </div>
   <div class='ocr_carea' id='block_1_105' title="bbox 580 5689 2170 5760">
    <p class='ocr_par' dir='ltr' id='par_1_105' title="bbox 580 5689 2170 5760">
     <span class='ocr_line' id='line_1_105' title="bbox 580 5689 2170 5760; baseline 0.006 -16"><span class='ocrx_word' id='word_1_893' title='bbox 580 5693 661 5745; x_wconf 85' lang='lat' dir='ltr'><strong>illi</strong></span> <span class='ocrx_word' id='word_1_894' title='bbox 672 5689 810 5750; x_wconf 75' lang='lat' dir='ltr'><strong>&#39;esse.</strong></span> <span class='ocrx_word' id='word_1_895' title='bbox 835 5693 890 5748; x_wconf 89' lang='lat' dir='ltr'><strong>ln</strong></span> <span class='ocrx_word' id='word_1_896' title='bbox 915 5692 1000 5746; x_wconf 91' lang='lat' dir='ltr'><strong>his</strong></span> <span class='ocrx_word' id='word_1_897' title='bbox 1025 5705 1133 5745; x_wconf 91' lang='lat' dir='ltr'><strong>non</strong></span> <span class='ocrx_word' id='word_1_898' title='bbox 1151 5699 1313 5760; x_wconf 83' lang='lat' dir='ltr'><strong>negat</strong></span> <span class='ocrx_word' id='word_1_899' title='bbox 1335 5689 1591 5759; x_wconf 85' lang='lat' dir='ltr'><strong>Hilarius,</strong></span> <span class='ocrx_word' id='word_1_900' title='bbox 1617 5693 1710 5748; x_wconf 92' lang='lat' dir='ltr'><strong>sed</strong></span> <span class='ocrx_word' id='word_1_901' title='bbox 1731 5693 1964 5750; x_wconf 83' lang='lat' dir='ltr'><strong>afﬁrmat</strong></span> <span class='ocrx_word' id='word_1_902' title='bbox 1987 5711 2170 5753; x_wconf 81' lang='lat' dir='ltr'><strong>veram</strong></span> 
     </span>
    </p>
   </div>
   <div class='ocr_carea' id='block_1_106' title="bbox 583 5759 2171 5838">
    <p class='ocr_par' dir='ltr' id='par_1_106' title="bbox 583 5759 2171 5838">
     <span class='ocr_line' id='line_1_106' title="bbox 583 5759 2171 5838; baseline 0.006 -21"><span class='ocrx_word' id='word_1_903' title='bbox 583 5761 639 5817; x_wconf 85' lang='lat' dir='ltr'><strong>in</strong></span> <span class='ocrx_word' id='word_1_904' title='bbox 661 5762 894 5829; x_wconf 88' lang='lat' dir='ltr'><strong>Christo,</strong></span> <span class='ocrx_word' id='word_1_905' title='bbox 926 5760 1194 5817; x_wconf 89' lang='lat' dir='ltr'><strong>tristitiam</strong></span> <span class='ocrx_word' id='word_1_906' title='bbox 1219 5759 1239 5826; x_wconf 44' lang='lat'><strong>,’</strong></span> <span class='ocrx_word' id='word_1_907' title='bbox 1265 5759 1354 5818; x_wconf 91' lang='lat' dir='ltr'><strong>ubi</strong></span> <span class='ocrx_word' id='word_1_908' title='bbox 1383 5760 1529 5818; x_wconf 86' lang='lat' dir='ltr'><strong>illam</strong></span> <span class='ocrx_word' id='word_1_909' title='bbox 1559 5779 1622 5821; x_wconf 87' lang='lat' dir='ltr'><strong>ea</strong></span> <span class='ocrx_word' id='word_1_910' title='bbox 1651 5767 1860 5822; x_wconf 87' lang='lat' dir='ltr'><strong>ratione</strong></span> <span class='ocrx_word' id='word_1_911' title='bbox 1895 5767 2171 5838; x_wconf 83' lang='lat' dir='ltr'><strong>explicare</strong></span> 
     </span>
    </p>
   </div>
   <div class='ocr_carea' id='block_1_107' title="bbox 2281 4498 3884 4578">
    <p class='ocr_par' dir='ltr' id='par_1_107' title="bbox 2281 4498 3884 4578">
     <span class='ocr_line' id='line_1_107' title="bbox 2281 4498 3884 4578; baseline 0.006 -24"><span class='ocrx_word' id='word_1_912' title='bbox 2281 4498 2474 4578; x_wconf 72' lang='lat' dir='ltr'><strong>imitati</strong></span> <span class='ocrx_word' id='word_1_913' title='bbox 2501 4498 2628 4578; x_wconf 77' lang='lat' dir='ltr'><strong>sunt</strong></span> <span class='ocrx_word' id='word_1_914' title='bbox 2657 4502 2986 4578; x_wconf 64' lang='lat' dir='ltr'><strong>Ambrosius</strong></span> <span class='ocrx_word' id='word_1_915' title='bbox 3013 4512 3069 4578; x_wconf 83' lang='lat' dir='ltr'><strong>et</strong></span> <span class='ocrx_word' id='word_1_916' title='bbox 3095 4503 3453 4578; x_wconf 74' lang='lat' dir='ltr'><strong>Hieronymus</strong></span> <span class='ocrx_word' id='word_1_917' title='bbox 3486 4508 3633 4578; x_wconf 17' lang='lat' dir='ltr'><strong>ziille</strong></span> <span class='ocrx_word' id='word_1_918' title='bbox 3659 4508 3884 4578; x_wconf 87' lang='lat' dir='ltr'><strong>quidem</strong></span> 
     </span>
    </p>
   </div>
   <div class='ocr_carea' id='block_1_108' title="bbox 2279 4570 3885 4650">
    <p class='ocr_par' dir='ltr' id='par_1_108' title="bbox 2279 4570 3885 4650">
     <span class='ocr_line' id='line_1_108' title="bbox 2279 4570 3885 4650; baseline 0.006 -26"><span class='ocrx_word' id='word_1_919' title='bbox 2279 4570 2373 4626; x_wconf 91' lang='lat' dir='ltr'><strong>lib.</strong></span> <span class='ocrx_word' id='word_1_920' title='bbox 2402 4588 2436 4626; x_wconf 82' lang='lat' dir='ltr'><strong>x</strong></span> <span class='ocrx_word' id='word_1_921' title='bbox 2459 4572 2510 4650; x_wconf 77' lang='lat' dir='ltr'><strong>in</strong></span> <span class='ocrx_word' id='word_1_922' title='bbox 2542 4573 2672 4628; x_wconf 90' lang='lat' dir='ltr'><strong>Luc.</strong></span> <span class='ocrx_word' id='word_1_923' title='bbox 2705 4591 2758 4650; x_wconf 38' lang='grc' dir='ltr'><strong>η..</strong></span> <span class='ocrx_word' id='word_1_924' title='bbox 2785 4573 2873 4636; x_wconf 77' lang='grc'><strong>57,</strong></span> <span class='ocrx_word' id='word_1_925' title='bbox 2900 4573 2989 4628; x_wconf 76' lang='grc' dir='ltr'><strong>ιιὺί</strong></span> <span class='ocrx_word' id='word_1_926' title='bbox 3017 4575 3094 4629; x_wconf 89' lang='lat' dir='ltr'><strong>ait</strong></span> <span class='ocrx_word' id='word_1_927' title='bbox 3118 4592 3130 4627; x_wconf 90' lang='lat'><strong>:</strong></span> <span class='ocrx_word' id='word_1_928' title='bbox 3160 4570 3314 4631; x_wconf 76' lang='lat' dir='ltr'><strong>Doles</strong></span> <span class='ocrx_word' id='word_1_929' title='bbox 3337 4595 3473 4650; x_wconf 86' lang='lat' dir='ltr'><strong>ergo,</strong></span> <span class='ocrx_word' id='word_1_930' title='bbox 3504 4570 3743 4646; x_wconf 75' lang='lat' dir='ltr'><strong>Domine,</strong></span> <span class='ocrx_word' id='word_1_931' title='bbox 3772 4596 3885 4635; x_wconf 80' lang='lat' dir='ltr'><strong>non</strong></span> 
     </span>
    </p>
   </div>
   <div class='ocr_carea' id='block_1_109' title="bbox 2278 4643 3885 4714">
    <p class='ocr_par' dir='ltr' id='par_1_109' title="bbox 2278 4643 3885 4714">
     <span class='ocr_line' id='line_1_109' title="bbox 2278 4643 3885 4714; baseline 0.005 -18"><span class='ocrx_word' id='word_1_932' title='bbox 2278 4651 2387 4714; x_wconf 81' lang='lat' dir='ltr'><strong>tua,</strong></span> <span class='ocrx_word' id='word_1_933' title='bbox 2416 4643 2505 4698; x_wconf 87' lang='lat' dir='ltr'><strong>sed</strong></span> <span class='ocrx_word' id='word_1_934' title='bbox 2525 4660 2636 4698; x_wconf 85' lang='lat' dir='ltr'><strong>mea</strong></span> <span class='ocrx_word' id='word_1_935' title='bbox 2662 4643 2918 4709; x_wconf 85' lang='lat' dir='ltr'><strong>vulnera;</strong></span> <span class='ocrx_word' id='word_1_936' title='bbox 2944 4661 3046 4699; x_wconf 86' lang='lat' dir='ltr'><strong>non</strong></span> <span class='ocrx_word' id='word_1_937' title='bbox 3069 4657 3213 4701; x_wconf 81' lang='lat' dir='ltr'><strong>luant</strong></span> <span class='ocrx_word' id='word_1_938' title='bbox 3250 4643 3467 4703; x_wconf 70' lang='lat' dir='ltr'><strong>mortem</strong></span> <span class='ocrx_word' id='word_1_939' title='bbox 3489 4690 3502 4714; x_wconf 92' lang='lat'><strong>,</strong></span> <span class='ocrx_word' id='word_1_940' title='bbox 3538 4653 3627 4704; x_wconf 86' lang='lat' dir='ltr'><strong>sed</strong></span> <span class='ocrx_word' id='word_1_941' title='bbox 3648 4643 3885 4704; x_wconf 82' lang='lat' dir='ltr'><strong>nostram</strong></span> 
     </span>
    </p>
   </div>
   <div class='ocr_carea' id='block_1_110' title="bbox 2276 4713 3877 4786">
    <p class='ocr_par' dir='ltr' id='par_1_110' title="bbox 2276 4713 3877 4786">
     <span class='ocr_line' id='line_1_110' title="bbox 2276 4713 3877 4786; baseline 0.006 -20"><span class='ocrx_word' id='word_1_942' title='bbox 2276 4713 2650 4786; x_wconf 64' lang='lat' dir='ltr'><strong>infirmitatem,</strong></span> <span class='ocrx_word' id='word_1_943' title='bbox 2667 4725 2774 4771; x_wconf 88' lang='lat' dir='ltr'><strong>etc.</strong></span> <span class='ocrx_word' id='word_1_944' title='bbox 2798 4715 2898 4770; x_wconf 82' lang='lat' dir='ltr'><strong>Hic</strong></span> <span class='ocrx_word' id='word_1_945' title='bbox 2911 4719 3104 4771; x_wconf 86' lang='lat' dir='ltr'><strong>veroin</strong></span> <span class='ocrx_word' id='word_1_946' title='bbox 3127 4718 3313 4774; x_wconf 88' lang='lat' dir='ltr'><strong>Matth.</strong></span> <span class='ocrx_word' id='word_1_947' title='bbox 3336 4734 3386 4773; x_wconf 93' lang='lat' dir='ltr'><strong>c.</strong></span> <span class='ocrx_word' id='word_1_948' title='bbox 3401 4713 3554 4786; x_wconf 70' lang='lat' dir='ltr'><strong>xxt’t,</strong></span> <span class='ocrx_word' id='word_1_949' title='bbox 3571 4721 3660 4775; x_wconf 87' lang='lat' dir='ltr'><strong>ubi</strong></span> <span class='ocrx_word' id='word_1_950' title='bbox 3689 4720 3877 4786; x_wconf 84' lang='lat' dir='ltr'><strong>habet,</strong></span> 
     </span>
    </p>
   </div>
   <div class='ocr_carea' id='block_1_111' title="bbox 2277 4783 3882 4862">
    <p class='ocr_par' dir='ltr' id='par_1_111' title="bbox 2277 4783 3882 4862">
     <span class='ocr_line' id='line_1_111' title="bbox 2277 4783 3882 4862; baseline 0.005 -24"><span class='ocrx_word' id='word_1_951' title='bbox 2277 4783 2686 4862; x_wconf 60' lang='lat' dir='ltr'><strong>Contristabatnr</strong></span> <span class='ocrx_word' id='word_1_952' title='bbox 2710 4802 2900 4862; x_wconf 82' lang='lat' dir='ltr'><strong>autem,</strong></span> <span class='ocrx_word' id='word_1_953' title='bbox 2920 4804 3020 4862; x_wconf 75' lang='lat' dir='ltr'><strong>non</strong></span> <span class='ocrx_word' id='word_1_954' title='bbox 3050 4790 3233 4862; x_wconf 82' lang='lat' dir='ltr'><strong>timore</strong></span> <span class='ocrx_word' id='word_1_955' title='bbox 3257 4790 3484 4858; x_wconf 83' lang='lat' dir='ltr'><strong>patiendi</strong></span> <span class='ocrx_word' id='word_1_956' title='bbox 3502 4807 3524 4856; x_wconf 87' lang='lat'><strong><em>;</em></strong></span> <span class='ocrx_word' id='word_1_957' title='bbox 3541 4783 3668 4862; x_wconf 70' lang='lat' dir='ltr'><strong>quia</strong></span> <span class='ocrx_word' id='word_1_958' title='bbox 3691 4792 3765 4845; x_wconf 82' lang='lat' dir='ltr'><strong>ad</strong></span> <span class='ocrx_word' id='word_1_959' title='bbox 3778 4783 3882 4862; x_wconf 66' lang='lat' dir='ltr'><strong>hoc</strong></span> 
     </span>
    </p>
   </div>
   <div class='ocr_carea' id='block_1_112' title="bbox 2274 4855 3883 4932">
    <p class='ocr_par' dir='ltr' id='par_1_112' title="bbox 2274 4855 3883 4932">
     <span class='ocr_line' id='line_1_112' title="bbox 2274 4855 3883 4932; baseline 0.005 -24"><span class='ocrx_word' id='word_1_960' title='bbox 2274 4866 2495 4932; x_wconf 73' lang='lat' dir='ltr'><strong>uenerat,</strong></span> <span class='ocrx_word' id='word_1_961' title='bbox 2520 4868 2563 4910; x_wconf 87' lang='lat' dir='ltr'><strong>et</strong></span> <span class='ocrx_word' id='word_1_962' title='bbox 2591 4855 2801 4932; x_wconf 70' lang='lat' dir='ltr'><strong>Petrum</strong></span> <span class='ocrx_word' id='word_1_963' title='bbox 2829 4857 3116 4932; x_wconf 70' lang='lat' dir='ltr'><strong>timiditatis</strong></span> <span class='ocrx_word' id='word_1_964' title='bbox 3136 4855 3376 4932; x_wconf 81' lang='lat' dir='ltr'><strong>arguerat</strong></span> <span class='ocrx_word' id='word_1_965' title='bbox 3406 4879 3425 4916; x_wconf 91' lang='lat'><strong><em>:</em></strong></span> <span class='ocrx_word' id='word_1_966' title='bbox 3453 4855 3541 4916; x_wconf 82' lang='lat' dir='ltr'><strong>sed</strong></span> <span class='ocrx_word' id='word_1_967' title='bbox 3558 4855 3767 4932; x_wconf 79' lang='lat' dir='ltr'><strong>propter</strong></span> <span class='ocrx_word' id='word_1_968' title='bbox 3792 4857 3883 4916; x_wconf 70' lang='lat' dir='ltr'><strong>in-</strong></span> 
     </span>
    </p>
   </div>
   <div class='ocr_carea' id='block_1_113' title="bbox 2278 4927 3878 5001">
    <p class='ocr_par' dir='ltr' id='par_1_113' title="bbox 2278 4927 3878 5001">
     <span class='ocr_line' id='line_1_113' title="bbox 2278 4927 3878 5001; baseline 0.004 -21"><span class='ocrx_word' id='word_1_969' title='bbox 2278 4927 2866 5001; x_wconf 57' lang='lat' dir='ltr'><strong>felicissimumdudam,</strong></span> <span class='ocrx_word' id='word_1_970' title='bbox 2895 4939 2944 4984; x_wconf 87' lang='lat' dir='ltr'><strong>et</strong></span> <span class='ocrx_word' id='word_1_971' title='bbox 2967 4927 3336 5000; x_wconf 71' lang='lat' dir='ltr'><strong>dispersione»:</strong></span> <span class='ocrx_word' id='word_1_972' title='bbox 3364 4927 3730 5001; x_wconf 75' lang='lat' dir='ltr'><strong>apostolorum,</strong></span> <span class='ocrx_word' id='word_1_973' title='bbox 3765 4946 3878 4989; x_wconf 89' lang='lat' dir='ltr'><strong>etc.</strong></span> 
     </span>
    </p>
   </div>
   <div class='ocr_carea' id='block_1_114' title="bbox 2351 4998 3878 5074">
    <p class='ocr_par' dir='ltr' id='par_1_114' title="bbox 2351 4998 3878 5074">
     <span class='ocr_line' id='line_1_114' title="bbox 2351 4998 3878 5074; baseline 0.004 -22"><span class='ocrx_word' id='word_1_974' title='bbox 2351 4998 2416 5069; x_wconf 78' lang='lat' dir='ltr'><strong>(f)</strong></span> <span class='ocrx_word' id='word_1_975' title='bbox 2457 4998 2685 5074; x_wconf 83' lang='lat' dir='ltr'><strong>Exeusi,</strong></span> <span class='ocrx_word' id='word_1_976' title='bbox 2755 4998 3063 5056; x_wconf 78' lang='lat' dir='ltr'><strong>transeunte.</strong></span> <span class='ocrx_word' id='word_1_977' title='bbox 3121 5001 3286 5072; x_wconf 85' lang='lat' dir='ltr'><strong>Magis</strong></span> <span class='ocrx_word' id='word_1_978' title='bbox 3328 4998 3502 5074; x_wconf 84' lang='lat' dir='ltr'><strong>placet</strong></span> <span class='ocrx_word' id='word_1_979' title='bbox 3555 5019 3679 5059; x_wconf 82' lang='lat' dir='ltr'><strong>cum</strong></span> <span class='ocrx_word' id='word_1_980' title='bbox 3717 4998 3878 5060; x_wconf 43' lang='lat' dir='ltr'><strong>&#39;mss.</strong></span> 
     </span>
    </p>
   </div>
   <div class='ocr_carea' id='block_1_115' title="bbox 2279 5070 3541 5142">
    <p class='ocr_par' dir='ltr' id='par_1_115' title="bbox 2279 5070 3541 5142">
     <span class='ocr_line' id='line_1_115' title="bbox 2279 5070 3541 5142; baseline 0.006 -21"><span class='ocrx_word' id='word_1_981' title='bbox 2279 5070 2589 5142; x_wconf 84' lang='lat' dir='ltr'><strong>transeuntis</strong></span> <span class='ocrx_word' id='word_1_982' title='bbox 2610 5110 2625 5134; x_wconf 94' lang='lat'><strong>,</strong></span> <span class='ocrx_word' id='word_1_983' title='bbox 2659 5082 2784 5140; x_wconf 90' lang='lat' dir='ltr'><strong>puta</strong></span> <span class='ocrx_word' id='word_1_984' title='bbox 2813 5087 2985 5142; x_wconf 65' lang='lat' dir='ltr'><strong>pinnat</strong></span> <span class='ocrx_word' id='word_1_985' title='bbox 3013 5082 3106 5127; x_wconf 90' lang='lat' dir='ltr'><strong>aut</strong></span> <span class='ocrx_word' id='word_1_986' title='bbox 3127 5070 3418 5142; x_wconf 74' lang='lat' dir='ltr'><strong>cujuslibet</strong></span> <span class='ocrx_word' id='word_1_987' title='bbox 3444 5075 3541 5130; x_wconf 91' lang='lat' dir='ltr'><strong>rei.</strong></span> 
     </span>
    </p>
   </div>
   <div class='ocr_carea' id='block_1_116' title="bbox 2352 5141 3879 5217">
    <p class='ocr_par' dir='ltr' id='par_1_116' title="bbox 2352 5141 3879 5217">
     <span class='ocr_line' id='line_1_116' title="bbox 2352 5141 3879 5217; baseline 0.003 -22"><span class='ocrx_word' id='word_1_988' title='bbox 2352 5142 2430 5217; x_wconf 72' lang='lat' dir='ltr'><strong>(g)</strong></span> <span class='ocrx_word' id='word_1_989' title='bbox 2486 5141 2768 5217; x_wconf 80' lang='lat' dir='ltr'><strong>Beccensis</strong></span> <span class='ocrx_word' id='word_1_990' title='bbox 2805 5141 3008 5217; x_wconf 79' lang='lat' dir='ltr'><strong>codex,</strong></span> <span class='ocrx_word' id='word_1_991' title='bbox 3051 5141 3299 5215; x_wconf 65' lang='lat' dir='ltr'><strong>numquid</strong></span> <span class='ocrx_word' id='word_1_992' title='bbox 3325 5163 3430 5217; x_wconf 83' lang='lat' dir='ltr'><strong>non</strong></span> <span class='ocrx_word' id='word_1_993' title='bbox 3475 5146 3717 5217; x_wconf 84' lang='lat' dir='ltr'><strong>possibile</strong></span> <span class='ocrx_word' id='word_1_994' title='bbox 3762 5147 3879 5217; x_wconf 84' lang='lat' dir='ltr'><strong>pati</strong></span> 
     </span>
    </p>
   </div>
   <div class='ocr_carea' id='block_1_117' title="bbox 2281 5209 3878 5286">
    <p class='ocr_par' dir='ltr' id='par_1_117' title="bbox 2281 5209 3878 5286">
     <span class='ocr_line' id='line_1_117' title="bbox 2281 5209 3878 5286; baseline 0.006 -23"><span class='ocrx_word' id='word_1_995' title='bbox 2281 5209 2584 5266; x_wconf 85' lang='lat' dir='ltr'><strong>Christum:</strong></span> <span class='ocrx_word' id='word_1_996' title='bbox 2617 5211 3031 5286; x_wconf 72' lang='lat' dir='ltr'><strong>interpolatoris</strong></span> <span class='ocrx_word' id='word_1_997' title='bbox 3071 5209 3234 5282; x_wconf 78' lang='lat' dir='ltr'><strong>opera</strong></span> <span class='ocrx_word' id='word_1_998' title='bbox 3285 5209 3506 5286; x_wconf 58' lang='lat' dir='ltr'><strong>praefert</strong></span> <span class='ocrx_word' id='word_1_999' title='bbox 3556 5209 3878 5285; x_wconf 83' lang='lat' dir='ltr'><strong>particulam</strong></span> 
     </span>
    </p>
   </div>
   <div class='ocr_carea' id='block_1_118' title="bbox 2280 5281 3878 5352">
    <p class='ocr_par' dir='ltr' id='par_1_118' title="bbox 2280 5281 3878 5352">
     <span class='ocr_line' id='line_1_118' title="bbox 2280 5281 3878 5352; baseline 0.006 -17"><span class='ocrx_word' id='word_1_1000' title='bbox 2280 5291 2587 5352; x_wconf 86' lang='lat' dir='ltr'><strong>negantem.</strong></span> <span class='ocrx_word' id='word_1_1001' title='bbox 2616 5281 2730 5338; x_wconf 88' lang='lat' dir='ltr'><strong>Non</strong></span> <span class='ocrx_word' id='word_1_1002' title='bbox 2757 5281 2902 5340; x_wconf 88' lang='lat' dir='ltr'><strong>enim</strong></span> <span class='ocrx_word' id='word_1_1003' title='bbox 2921 5281 3150 5341; x_wconf 87' lang='lat' dir='ltr'><strong>obscure</strong></span> <span class='ocrx_word' id='word_1_1004' title='bbox 3172 5287 3260 5342; x_wconf 91' lang='lat' dir='ltr'><strong>hic</strong></span> <span class='ocrx_word' id='word_1_1005' title='bbox 3286 5281 3454 5344; x_wconf 57' lang='lat' dir='ltr'><strong>&#39;docet</strong></span> <span class='ocrx_word' id='word_1_1006' title='bbox 3491 5281 3726 5344; x_wconf 82' lang='lat' dir='ltr'><strong>Hilarius</strong></span> <span class='ocrx_word' id='word_1_1007' title='bbox 3755 5287 3878 5344; x_wconf 81' lang='lat' dir='ltr'><strong>ﬁeri</strong></span> 
     </span>
    </p>
   </div>
   <div class='ocr_carea' id='block_1_119' title="bbox 2290 5354 3880 5429">
    <p class='ocr_par' dir='ltr' id='par_1_119' title="bbox 2290 5354 3880 5429">
     <span class='ocr_line' id='line_1_119' title="bbox 2290 5354 3880 5429; baseline 0.005 -25"><span class='ocrx_word' id='word_1_1008' title='bbox 2290 5355 2509 5429; x_wconf 72' lang='lat' dir='ltr'><strong>minime</strong></span> <span class='ocrx_word' id='word_1_1009' title='bbox 2548 5355 2784 5429; x_wconf 72' lang='lat' dir='ltr'><strong>potuisse</strong></span> <span class='ocrx_word' id='word_1_1010' title='bbox 2810 5365 2868 5429; x_wconf 78' lang='lat' dir='ltr'><strong>ut</strong></span> <span class='ocrx_word' id='word_1_1011' title='bbox 2899 5371 3004 5429; x_wconf 64' lang='lat' dir='ltr'><strong>non</strong></span> <span class='ocrx_word' id='word_1_1012' title='bbox 3031 5354 3279 5413; x_wconf 90' lang='lat' dir='ltr'><strong>Christus</strong></span> <span class='ocrx_word' id='word_1_1013' title='bbox 3311 5369 3600 5429; x_wconf 87' lang='lat' dir='ltr'><strong>pateretur.</strong></span> <span class='ocrx_word' id='word_1_1014' title='bbox 3642 5358 3751 5416; x_wconf 86' lang='lat' dir='ltr'><strong>Sed</strong></span> <span class='ocrx_word' id='word_1_1015' title='bbox 3774 5374 3880 5429; x_wconf 77' lang='lat' dir='ltr'><strong>va-</strong></span> 
     </span>
    </p>
   </div>
   <div class='ocr_carea' id='block_1_120' title="bbox 2285 5421 3874 5512">
    <p class='ocr_par' dir='ltr' id='par_1_120' title="bbox 2285 5421 3874 5512">
     <span class='ocr_line' id='line_1_120' title="bbox 2285 5421 3874 5512; baseline 0.005 -36"><span class='ocrx_word' id='word_1_1016' title='bbox 2285 5421 2784 5512; x_wconf 22' lang='lat' dir='ltr'><strong>letdhieeiiplicatio</strong></span> <span class='ocrx_word' id='word_1_1017' title='bbox 2811 5425 3220 5512; x_wconf 49' lang='grc' dir='ltr'><strong>8.·Τιιομῃςικρἶ</strong></span> <span class='ocrx_word' id='word_1_1018' title='bbox 3253 5421 3331 5512; x_wconf 65' lang='lat' dir='ltr'><strong>in,</strong></span> <span class='ocrx_word' id='word_1_1019' title='bbox 3354 5445 3409 5512; x_wconf 80' lang='lat' dir='ltr'><strong>q.</strong></span> <span class='ocrx_word' id='word_1_1020' title='bbox 3440 5431 3534 5512; x_wconf 66' lang='lat'><strong>46,</strong></span> <span class='ocrx_word' id='word_1_1021' title='bbox 3559 5429 3696 5512; x_wconf 41' lang='lat' dir='ltr'><strong>a..2,</strong></span> <span class='ocrx_word' id='word_1_1022' title='bbox 3716 5429 3781 5486; x_wconf 91' lang='lat' dir='ltr'><strong>ad</strong></span> <span class='ocrx_word' id='word_1_1023' title='bbox 3811 5428 3874 5498; x_wconf 78' lang='lat'><strong>2,</strong></span> 
     </span>
    </p>
   </div>
   <div class='ocr_carea' id='block_1_121' title="bbox 2283 5495 3877 5569">
    <p class='ocr_par' dir='ltr' id='par_1_121' title="bbox 2283 5495 3877 5569">
     <span class='ocr_line' id='line_1_121' title="bbox 2283 5495 3877 5569; baseline 0.005 -21"><span class='ocrx_word' id='word_1_1024' title='bbox 2283 5495 2530 5569; x_wconf 77' lang='lat' dir='ltr'><strong>prmsnlis</strong></span> <span class='ocrx_word' id='word_1_1025' title='bbox 2552 5497 2944 5569; x_wconf 4' lang='lat' dir='ltr'><strong>quostri_vcrha</strong></span> <span class='ocrx_word' id='word_1_1026' title='bbox 2983 5499 3082 5554; x_wconf 90' lang='lat' dir='ltr'><strong>sibi</strong></span> <span class='ocrx_word' id='word_1_1027' title='bbox 3114 5495 3448 5569; x_wconf 74' lang='lat' dir='ltr'><strong>abiicientis,</strong></span> <span class='ocrx_word' id='word_1_1028' title='bbox 3475 5495 3531 5558; x_wconf 83' lang='lat' dir='ltr'><strong>et</strong></span> <span class='ocrx_word' id='word_1_1029' title='bbox 3559 5500 3628 5557; x_wconf 86' lang='lat' dir='ltr'><strong>ad</strong></span> <span class='ocrx_word' id='word_1_1030' title='bbox 3665 5495 3729 5556; x_wconf 80' lang='lat' dir='ltr'><strong>ea</strong></span> <span class='ocrx_word' id='word_1_1031' title='bbox 3781 5495 3877 5556; x_wconf 57' lang='lat' dir='ltr'><strong>re;</strong></span> 
     </span>
    </p>
   </div>
   <div class='ocr_carea' id='block_1_122' title="bbox 2279 5565 3880 5642">
    <p class='ocr_par' dir='ltr' id='par_1_122' title="bbox 2279 5565 3880 5642">
     <span class='ocr_line' id='line_1_122' title="bbox 2279 5565 3880 5642; baseline 0.004 -22"><span class='ocrx_word' id='word_1_1032' title='bbox 2279 5567 2592 5642; x_wconf 66' lang='lat' dir='ltr'><strong>Sp0ndenli§</strong></span> <span class='ocrx_word' id='word_1_1033' title='bbox 2618 5565 2720 5642; x_wconf 86' lang='lat' dir='ltr'><strong>hoc</strong></span> <span class='ocrx_word' id='word_1_1034' title='bbox 2744 5567 2869 5642; x_wconf 72' lang='lat' dir='ltr'><strong>ﬁeri</strong></span> <span class='ocrx_word' id='word_1_1035' title='bbox 2877 5584 2982 5642; x_wconf 87' lang='lat' dir='ltr'><strong>non</strong></span> <span class='ocrx_word' id='word_1_1036' title='bbox 3005 5565 3243 5640; x_wconf 80' lang='lat' dir='ltr'><strong>potuisse</strong></span> <span class='ocrx_word' id='word_1_1037' title='bbox 3259 5565 3525 5642; x_wconf 86' lang='lat' dir='ltr'><strong>supposita</strong></span> <span class='ocrx_word' id='word_1_1038' title='bbox 3554 5571 3880 5642; x_wconf 77' lang='lat' dir='ltr'><strong>prtcscientia</strong></span> 
     </span>
    </p>
   </div>
   <div class='ocr_carea' id='block_1_123' title="bbox 2278 5637 3880 5715">
    <p class='ocr_par' dir='ltr' id='par_1_123' title="bbox 2278 5637 3880 5715">
     <span class='ocr_line' id='line_1_123' title="bbox 2278 5637 3880 5715; baseline 0.005 -26"><span class='ocrx_word' id='word_1_1039' title='bbox 2278 5647 2326 5690; x_wconf 88' lang='lat' dir='ltr'><strong>et</strong></span> <span class='ocrx_word' id='word_1_1040' title='bbox 2372 5637 2800 5715; x_wconf 72' lang='lat' dir='ltr'><strong>prwordinatione</strong></span> <span class='ocrx_word' id='word_1_1041' title='bbox 2828 5637 3296 5715; x_wconf 25' lang='lat' dir='ltr'><strong>Qci‘tlénpassiane</strong></span> <span class='ocrx_word' id='word_1_1042' title='bbox 3322 5637 3536 5699; x_wconf 72' lang='lat' dir='ltr'><strong>Christi.</strong></span> <span class='ocrx_word' id='word_1_1043' title='bbox 3555 5637 3646 5700; x_wconf 53' lang='grc' dir='ltr'><strong>Ἐξ</strong></span> <span class='ocrx_word' id='word_1_1044' title='bbox 3673 5642 3880 5715; x_wconf 85' lang='lat' dir='ltr'><strong>quippe</strong></span> 
     </span>
    </p>
   </div>
   <div class='ocr_carea' id='block_1_124' title="bbox 2276 5708 3544 5781">
    <p class='ocr_par' dir='ltr' id='par_1_124' title="bbox 2276 5708 3544 5781">
     <span class='ocr_line' id='line_1_124' title="bbox 2276 5708 3544 5781; baseline 0.004 -18"><span class='ocrx_word' id='word_1_1045' title='bbox 2276 5721 2382 5766; x_wconf 90' lang='lat' dir='ltr'><strong>una</strong></span> <span class='ocrx_word' id='word_1_1046' title='bbox 2413 5708 2700 5781; x_wconf 85' lang='lat' dir='ltr'><strong>bypothesi</strong></span> <span class='ocrx_word' id='word_1_1047' title='bbox 2730 5717 2841 5767; x_wconf 91' lang='lat' dir='ltr'><strong>tota</strong></span> <span class='ocrx_word' id='word_1_1048' title='bbox 2865 5708 3310 5771; x_wconf 45' lang='lat' dir='ltr'><strong>Hilarii&#39;assertio</strong></span> <span class='ocrx_word' id='word_1_1049' title='bbox 3338 5715 3544 5772; x_wconf 90' lang='lat' dir='ltr'><strong>nititur.</strong></span> 
     </span>
    </p>
   </div>
  </div>
