4222 6262
313 333 344 389 ἱ
349 331 452 388 069

1295 323 1836 386 COMMENTARIUS
1872 323 1940 381 IN
1977 323 2234 380 MATTII.
2265 324 2419 383 CAP.
2453 327 2671 384 XXXII.

3471 335 3498 388 1
3509 333 3614 390 070

309 460 391 506 est
427 468 440 505 :
469 459 632 522 alque
657 450 778 507 ideo
799 493 813 518 ,
843 451 968 523 quia
1010 464 1117 505 non
1145 455 1230 503 est
1260 445 1514 518 possibile
1543 458 1604 500 se
1633 457 1743 498 non
1775 441 1886 514 pati
1931 442 1986 506 Α
2009 440 2134 498 bat:
2175 439 2255 514 (Ι)
2283 442 2404 514 quia
2450 443 2556 514 pati
2606 443 2707 499 nisi
2733 459 2800 500 ex
2847 443 2962 514 ejus
3005 443 3256 516 passione
3285 459 3392 501 non
3423 459 3616 518 possu-

311 558 409 615 pro
458 542 544 599 his
590 553 744 614 rogat
793 543 884 614 qui
931 539 1139 613 passuri
1200 547 1322 610 post
1349 552 1406 592 se
1455 545 1628 602 erant,
1681 532 1906 599 dicens,

310 635 561 691 Transeat
592 636 731 690 calix
757 652 789 688 a
823 630 921 700 me,
967 633 1019 688 id
1049 640 1155 700 est,
1189 629 1462 703 quomodo
1502 643 1532 683 a
1560 642 1648 682 me
1677 625 1900 690 bibitur,

312 730 383 786 ita
411 730 480 786 ab
507 729 591 784 his
619 729 855 795 bibatur,
886 729 1005 784 sine
1030 727 1147 799 spei
1198 725 1494 782 diffidentia
1517 765 1534 792 ,
1583 723 1701 778 sine
1745 735 1910 777 sensu

311 824 533 889 doloris,
559 824 677 878 sine
707 831 850 879 metu
885 823 1095 878 mortis.
1632 858 1653 882 .

381 919 434 975 8.
479 916 721 972 Patiendi
747 915 983 970 virtutem
1012 916 1084 970 eis
1124 914 1346 985 ﬂagitat.
1392 944 1463 954 -—
1511 909 1634 965 Ideo
1661 916 1840 963 autem
1868 906 1913 960 si

313 1009 551 1082 possibile
576 1017 648 1062 est
672 1024 692 1073 ;
721 1007 846 1078 quia
867 1014 924 1062 et
950 1005 1096 1062 carni
1132 1015 1187 1060 et
1215 1002 1462 1067 sanguini
1505 1003 1698 1057 horum
1727 998 1909 1071 gravis

315 1113 490 1159 terror
517 1112 601 1158 est
633 1143 650 1168 ,
678 1111 734 1156 et
761 1099 984 1156 difﬁcile
1013 1107 1097 1154 est
1123 1113 1311 1154 eorum
1345 1096 1639 1152 acerbitate
1680 1107 1909 1161 corpora

314 1197 544 1251 humana
575 1210 681 1250 non
709 1192 872 1248 vinci.
907 1192 1071 1265 803
1101 1192 1253 1260 Quod
1283 1200 1463 1246 autem
1487 1190 1562 1244 ait
1591 1229 1604 1253 ,
1636 1187 1758 1242 Non
1784 1189 1912 1241 sicut

311 1306 403 1360 ego
423 1289 559 1357 uolo,
584 1287 674 1342 sed
694 1286 826 1342 s'icut
856 1295 912 1341 tu
941 1289 1014 1340 vis
1045 1286 1249 1344 :vellet
1274 1285 1490 1356 quidem
1523 1298 1617 1339 eos
1641 1298 1750 1337 non
1777 1281 1910 1352 pati,

313 1395 380 1437 ne
404 1380 540 1435 forte
570 1379 622 1434 in
657 1379 910 1450 passione
937 1378 1187 1434 diffidant
1209 1390 1230 1446 ,‘
1257 1377 1351 1433 sed
1379 1375 1776 1433 cohzereditatis
1803 1389 1914 1429 sua:

315 1473 540 1544 gloriam
588 1472 706 1527 sine
750 1471 1018 1542 passionis
1060 1470 1381 1527 difﬁcultate
1417 1476 1748 1524 mereantur.
1795 1466 1912 1522 Non

310 1582 440 1637 ergo
469 1565 548 1637 (a)
578 1575 638 1621 ut
665 1579 771 1622 non
796 1567 1065 1637 patiantur
1086 1574 1239 1636 rogat
1259 1606 1274 1631 ,
1319 1563 1504 1620 dicens
1529 1605 1544 1628 ,
1582 1560 1704 1616 Non
1730 1569 1784 1614 ut
1822 1577 1914 1632 ego

311 1659 423 1714 volo
447 1675 466 1713 :
486 1659 581 1714 sed
628 1667 705 1726 ut,
737 1658 832 1723 ait,
861 1657 1002 1728 quod
1028 1657 1188 1713 Pater
1209 1655 1353 1721 vult,
1399 1653 1617 1710 bibendi
1643 1652 1829 1708 calicis
1859 1652 1914 1706 in

312 1767 407 1807 eos
434 1767 500 1807 ex
529 1765 588 1806 se
621 1761 857 1807 transeat
894 1750 1166 1805 ﬁrmitudo
1196 1768 1210 1806 :
1237 1749 1360 1820 quia
1404 1763 1471 1803 ex
1499 1747 1773 1803 voluntate
1797 1745 1914 1815 ejus

2014 549 2156 590 mus.

2086 629 2174 684 Η.
2235 628 2628 701 Discipulorum
2664 646 2875 685 somnus
2916 639 2965 686 et
2996 631 3151 686 varia:
3178 629 3370 686 Christi
3417 631 3616 687 allocu-

2017 723 2184 776 tiones
2213 721 2336 794 quid
2357 723 2671 794 signiﬁcent.
2704 751 2776 763 -—
2798 723 2997 778 Verum
3037 723 3181 794 quod
3211 722 3403 778 iterum
3432 741 3617 781 rever-

2016 830 2107 871 sus
2146 817 2346 888 reperit
2387 816 2750 882 dormientes;
2783 813 3016 872 ostendit
3045 819 3301 874 absentia!
3331 834 3444 874 suae
3481 828 3619 875 tem-

2017 923 2150 980 pore
2200 910 2382 979 plures
2429 909 2661 980 quodam
2708 910 2832 966 ﬁdei
2878 926 3068 968 somno
3111 911 3452 968 detinendos.
3508 914 3618 971 Sed

2017 1017 2230 1056 rursum
2261 1004 2470 1069 oravit,
2505 1001 2645 1058 idem
2675 1012 2927 1072 repetens
2956 1022 2969 1057 :
3001 1019 3385 1076 reversusque,
3419 1006 3510 1077 qui
3533 1007 3617 1061 vi-

2017 1093 2184 1163 gilare
2225 1092 2486 1163 jusserat,
2542 1094 2633 1165 qui
2683 1096 2996 1167 consopitos
3027 1096 3444 1168 objurgaverat,
3493 1100 3615 1169 ait,

2019 1184 2249 1238 Dormite
2290 1189 2407 1256 jam
2433 1195 2481 1241 et
2517 1188 2812 1258 requiescite
2841 1190 2915 1262 (ᾖ
2975 1189 3092 1261 45).
3143 1191 3270 1246 Post
3316 1193 3620 1247 orationem

2017 1278 2376 1350 frequentem,
2407 1290 2531 1351 post
2558 1281 2833 1337 discursus
2863 1299 3226 1355 recursusque
3265 1285 3614 1355 multiplices,

2017 1382 2219 1428 metum
2248 1373 2437 1441 demit,
2471 1376 2816 1432 securitatem
2841 1377 3040 1445 reddit,
3069 1379 3121 1433 in
3150 1379 3391 1450 requiem
3419 1380 3618 1435 adhor-

2020 1475 2183 1535 tatur,
2217 1467 2547 1524 voluntatem
2595 1470 2769 1525 Patris
2817 1470 2927 1541 jam
2973 1471 3040 1526 de
3071 1471 3224 1526 nobis
3263 1486 3488 1528 securus
3526 1489 3620 1528 ex-

2017 1567 2242 1628 spectat,
2277 1560 2464 1616 dicens
2484 1604 2499 1628 ,
2535 1560 2657 1616 Fiat
2679 1563 2914 1619 voluntas
2945 1573 3034 1618 tua
3066 1581 3085 1619 :
3111 1566 3234 1636 quia
3264 1566 3617 1622 transiturum

2019 1653 2072 1707 in
2105 1667 2202 1709 nos
2230 1654 2451 1709 calicem
2493 1656 2705 1722 bibens,
2738 1658 3108 1713 inﬁrmitatem
3136 1661 3382 1729 corporis
3407 1662 3616 1729 nostri,

2020 1753 2075 1800 et
2095 1745 2304 1801 timoris
2335 1746 2777 1816 sollicitudinem,
2826 1760 2878 1806 et
2912 1751 3087 1821 ipsum
3134 1751 3378 1807 dolorem
3427 1753 3618 1808 mortis

315 1859 416 1900 non
439 1852 545 1899 tam
567 1858 664 1915 per
686 1843 954 1899 Christum
977 1843 1051 1916 (b)
1073 1842 1216 1898 vinci
1243 1841 1538 1907 diabolum,
1567 1853 1726 1910 quam
1749 1837 1910 1893 etiam
1942 1845 1990 1904 Β
2018 1838 2351 1893 absorberet.
2368 1838 2521 1906 Quod
2543 1852 2722 1895 autem
2743 1842 2808 1895 ad
2825 1857 2918 1896 eos
2935 1852 3232 1911 revertens,
3255 1843 3621 1900 dormientes-

314 1953 408 2010 per
427 1939 543 2009 ejus
564 1936 860 2006 discipulos
881 1936 1185 2007 Oportebat.

380 2032 434 2087 9.
479 2029 650 2085 Metus
691 2030 882 2084 Christi
916 2046 1096 2096 causa,
1140 2027 1413 2097 inﬁrmitas
1438 2036 1634 2081 nostra.
1667 2054 1740 2066 -——
1781 2024 1911 2079 Post

311 2138 430 2195 qua:
455 2122 520 2176 ad
548 2121 842 2192 discipulos
871 2120 1031 2185 redit,
1060 2130 1115 2175 et
1143 2119 1476 2174 dormientes
1504 2116 1862 2188 deprehendit
1893 2134 1907 2172 :

311 2224 366 2271 et
392 2215 613 2270 Petrum
640 2213 884 2283 coarguit
926 2227 1024 2267 cur
1067 2226 1250 2266 secum
1283 2226 1386 2264 una
1421 2211 1610 2265 saltem
1643 2211 1773 2264 hora
1807 2224 1913 2264 non

313 2309 388 2380 (c)
443 2307 630 2379 vigilet
667 2307 880 2379 (ibi).
921 2305 1138 2362 Petrum
1182 2305 1303 2360 ideo
1327 2321 1392 2360 ex
1422 2305 1610 2372 tribus,
1647 2305 1768 2375 quia
1800 2318 1912 2375 prce

311 2400 523 2455 caeteris
552 2414 660 2454 non
683 2414 742 2454 se
771 2397 1260 2454 scandalizaturum
1296 2397 1471 2453 fuerat
1500 2396 1781 2468 gloriatus.
1806 2395 1912 2452 Su-

311 2493 541 2565 perioris
592 2501 768 2548 autem
817 2501 994 2548 metus
1039 2493 1122 2547 sui
1171 2491 1370 2547 iudicat
1412 2506 1634 2557 causas,
1683 2489 1911 2557 dicens,

317 2587 473 2641 Orate
504 2602 566 2640 ne
592 2586 792 2641 intretis
831 2587 887 2640 in
925 2586 1253 2640 tentationem
1280 2584 1352 2659 (ᾗ
1400 2584 1514 2657 41).
1543 2583 1655 2639 Hoc
1674 2591 1790 2639 erat
1818 2581 1916 2652 igi-

316 2686 399 2732 tur
443 2676 586 2746 quod
627 2676 874 2743 volebat;
920 2685 974 2732 et
1030 2677 1150 2732 ideo
1199 2677 1253 2731 in
1299 2674 1546 2731 oratione
1580 2673 1910 2739 tradiderat,

313 2769 432 2826 Non
463 2769 686 2825 inducas
714 2786 814 2826 nos
845 2772 896 2825 in
942 2771 1314 2837 tentationem,
1359 2786 1427 2826 ne
1453 2769 1580 2840 quid
1611 2769 1663 2824 in
1693 2782 1793 2823 nos
1823 2769 1910 2822 in-

315 2864 554 2919 ﬁrmitati
575 2865 754 2919 carnis
774 2864 964 2920 liceret
986 2863 1202 2938 (Matth.
1234 2879 1322 2929 v1,
1365 2864 1476 2933 15).
1509 2862 1618 2918 Cur
1636 2870 1814 2916 autem
1846 2875 1914 2916 ne

312 2957 365 3011 in
397 2955 747 3011 tentationem
776 2958 1020 3012 venirent
1049 2973 1207 3014 orare
1237 2973 1332 3013 eos
1379 2955 1772 3023 admonuisset,
1820 2971 1910 3009 os-

314 3046 482 3103 tendit
509 3047 697 3104 dicens
722 3090 736 3115 ,
768 3048 997 3119 Spiritus
1033 3051 1238 3121 quidem
1265 3059 1555 3122 promptus,
1590 3066 1711 3104 caro
1741 3057 1912 3103 autem

311 3141 538 3208 inﬁrma,
569 3156 674 3197 non
725 3142 908 3214 utique
936 3143 1004 3199 de
1042 3157 1102 3198 se
1134 3161 1148 3198 :
1178 3144 1245 3198 ad
1291 3159 1386 3199 eos
1427 3145 1571 3198 enim
1619 3143 1707 3198 hic
1733 3157 1912 3198 sermo

2015 1945 2120 2000 que
2147 1927 2313 2000 804
2341 1931 2639 1999 reperiens,
2671 1932 2901 2000 primum
2944 1948 3196 1989 reversus
3223 1935 3469 2006 objurgat
3489 1978 3502 2002 ,
3533 1952 3622 1992 se-

2014 2022 2193 2076 eundo
2215 2022 2358 2088 silet,
2383 2023 2544 2077 tertio
2561 2023 2842 2093 quiescere
2862 2024 3013 2094 jubet
3039 2045 3051 2078 :
3085 2027 3221 2080 ratio
3239 2027 3338 2082 ista
3353 2037 3452 2094 cst,
3473 2029 3620 2098 quod

2020 2114 2252 2182 primum
2302 2122 2425 2182 post
2451 2116 2904 2170 resurrectionem
2937 2117 3213 2186 dispersos
3256 2132 3351 2172 eos
3380 2127 3435 2172 et
3473 2119 3616 2173 difﬁ-

2013 2205 2204 2262 dentes
2230 2221 2293 2260 ac
2337 2205 2575 2276 trepidos
2606 2205 2681 2278 (g)
2733 2207 3093 2276 reprehendet
3127 2228 3139 2262 :
3183 2209 3421 2264 secundo
3448 2213 3616 2268 misso

2018 2301 2218 2371 Spiritu
2248 2301 2542 2370 paracleto,
2577 2303 2813 2370 gravatis
2841 2303 2904 2356 ad
2949 2303 3313 2381 contuendam
3343 2303 3620 2377 Evangelii

2017 2397 2320 2453 libertatem
2370 2397 2581 2464 oculis,
2636 2400 2894 2454 visitabit.
2945 2400 3075 2455 Nam
3129 2401 3440 2472 aliquandiu
3486 2403 3619 2473 legis

2014 2504 2200 2545 amore
2225 2490 2463 2556 detenti,
2512 2491 2743 2562 quodam
2775 2491 2900 2547 ﬁdei
2955 2506 3145 2547 somno
3176 2493 3424 2563 occupati
3468 2503 3614 2548 sunt.

2017 2583 2201 2638 Tertio
2231 2599 2359 2639 vero
2385 2627 2400 2651 ,
2434 2585 2485 2640 id
2516 2596 2598 2641 est
2627 2585 2890 2640 claritatis
2935 2602 3049 2642 sum
3080 2586 3255 2642 reditu
3279 2627 3294 2652 ,
3341 2588 3619 2644 securitati

2014 2692 2109 2734 eos
2137 2679 2410 2752 quietique
2439 2680 2703 2736 restituet.

2565 2772 2793 2830 CAPUT
2824 2773 3042 2830 XXXII.

2015 2861 2095 2917 De
2113 2862 2279 2930 Iuda,
2310 2865 2397 2935 qui
2419 2875 2525 2919 erat
2556 2882 2687 2919 unus
2709 2865 2772 2919 de
2791 2866 3061 2920 duodecim
3085 2867 3374 2938 discipulis,
3392 2871 3620 2925 veniente

2086 2959 2153 3012 ad
2182 2956 2362 3012 Iesum
2385 2975 2497 3012 cum
2521 2959 2742 3029 plurima
2764 2960 2912 3013 turba
2933 2969 2988 3013 ut
3010 2977 3125 3014 eum
3146 2964 3367 3017 traderet
3386 2963 3482 3027 ;de
3501 2963 3588 3036 gla
3603 2992 3620 3005 -

2088 3052 2175 3105 dio
2195 3067 2344 3121 quem
2393 3052 2542 3119 iussit
2569 3050 2725 3106 Petro
2747 3062 3033 3107 convertere
3059 3054 3111 3107 in
3141 3054 3310 3107 locum
3337 3072 3506 3110 suum.

2087 3145 2138 3198 1.
2177 3142 2243 3197 1η
2270 3143 2530 3198 Christum
2577 3144 2728 3197 nulla
2777 3155 2999 3217 potestas
3023 3145 3124 3199 nisi
3145 3162 3296 3217 quam
3325 3148 3619 3202 dederit.—

313 3247 610 3289 conversus
637 3243 741 3289 est.
793 3235 901 3289 Aut
955 3230 1226 3304 quom'odo
1277 3251 1419 3291 nunc
1472 3235 1540 3291 de
1583 3250 1644 3291 se
1693 3235 1913 3304 spiritus
1940 3228 1984 3293 C
2021 3235 2087 3291 Et
2112 3237 2284 3291 adhuc
2337 3253 2394 3292 eo
2433 3237 2666 3307 loquente
2686 3235 2766 3310 (h)
2793 3254 2905 3291 ecce
2931 3237 3100 3291 ludas
3145 3255 3280 3294 unus
3315 3241 3378 3294 de
3419 3239 3616 3295 duode-

317 3338 622 3398 promptus,
670 3328 717 3383 si
769 3329 1017 3399 superius
1068 3329 1238 3384 tristis
1267 3337 1352 3384 est
1395 3329 1576 3384 anima
1631 3343 1801 3399 usque
1847 3327 1915 3384 ad

315 3421 590 3476 mortem?
630 3419 738 3476 Sed
767 3421 975 3491 vigilari
1010 3423 1251 3492 praecipit
1277 3430 1332 3477 et
1362 3421 1530 3486 orari,
1561 3436 1629 3476 ne
1657 3419 1712 3474 in
1742 3429 1916 3476 tenta-

313 3514 513 3568 tionem
537 3513 794 3578 incidant,
823 3529 890 3569 ne
921 3515 1213 3570 infirmitati
1246 3515 1488 3584 corporis
1519 3512 1866 3569 succumbant
1899 3532 1914 3568 :

313 3613 368 3660 et
399 3604 601 3660 idcirco
631 3605 674 3660 si
704 3606 961 3676 possibile
984 3615 1150 3662 estut
1179 3622 1208 3662 a
1237 3622 1297 3663 se
1320 3616 1562 3662 transeat
1592 3606 1730 3662 calix
1758 3614 1876 3661 orat
1895 3647 1912 3672 ,

313 3699 437 3768 quia
466 3697 682 3752 bibendi
714 3698 831 3768 ejus
859 3713 987 3753 caro
1008 3700 1183 3754 omnis
1207 3699 1417 3754 inﬁrma
1449 3699 1540 3754 sit.

388 3790 477 3845 10.
536 3789 719 3845 Passio
749 3789 939 3845 Christi
967 3792 1204 3846 virtutem
1234 3792 1378 3844 nobis
1420 3789 1633 3843 contulit
1663 3787 1911 3860 patiendi.

312 3911 384 3924 -—
412 3881 644 3936 Rursum
674 3897 802 3937 vero
840 3881 1128 3936 discedens
1155 3880 1361 3945 oravit,
1390 3879 1598 3945 dicens,
1625 3877 1801 3945 Pater,
1835 3877 1915 3950 (d)

315 3990 417 4029 non
442 3985 604 4044 potest
625 3975 844 4026 transire
880 3972 1020 4026 calix
1037 3973 1132 4025 iste
1161 3971 1257 4025 nisi
1284 3970 1431 4025 illum
1461 3971 1625 4023 bibant
1653 3970 1678 4024 ?
1705 3971 1796 4039 ﬁat
1819 3985 1911 4022 vo-

315 4068 488 4121 luntas
514 4076 603 4121 tua
629 4063 816 4138 (Ibid.,
840 4065 956 4136 52).
989 4064 1234 4119 Passuris
1260 4061 1537 4132 discipulis
1559 4061 1787 4131 perlidei
1801 4061 1916 4130 jus-

315 4163 683 4228 tificationem,
713 4176 928 4217 omnem
972 4162 1023 4216 in
1069 4175 1126 4214 sc
1149 4160 1391 4230 corporis
1420 4160 1590 4213 nostri
1632 4159 1914 4213 infirmita-

318 4265 426 4311 tem
453 4255 743 4324 assumpsit
785 4271 797 4307 :
846 4255 1099 4324 crucique
1155 4267 1336 4308 secum
1389 4253 1638 4307 universa
1684 4267 1746 4308 ea
1796 4251 1917 4322 qui-

318 4347 419 4403 bus
463 4347 535 4420 (e')
581 4345 984 4402 inﬁrmabamur
1033 4344 1226 4400 afﬁxit.
1282 4343 1407 4400 Ideo
1449 4355 1668 4416 peccata
1725 4352 1914 4399 nostra

317 4449 517 4514 portat,
543 4452 594 4494 et
627 4456 726 4510 pro
753 4441 905 4496 nobis
933 4439 1116 4495 dolet:
1150 4439 1272 4510 quia
1304 4439 1425 4495 ﬁdei
1459 4439 1511 4493 in
1554 4439 1708 4495 nobis
1729 4438 1915 4495 calore

316 4534 582 4602 fervente,
615 4549 737 4590 cum
765 4534 1051 4591 adversum
1075 4533 1346 4588 diabolum
1387 4534 1654 4604 passionis
1681 4533 1823 4588 bello
1846 4535 1916 4590 sit

320 4625 705 4682 decertandum
731 4669 747 4696 ,
781 4642 971 4684 omnes
1007 4625 1435 4682 imbecillitatum
1467 4634 1774 4682 nostrarum
1804 4626 1907 4682 do-

317 4719 462 4775 Iores
484 4736 603 4775 cum
631 4735 859 4792 corpore
889 4721 1005 4791 ejus
1063 4731 1116 4776 et
1153 4706 1416 4790 passione
1461 4720 1784 4777 moriuntur.
1845 4720 1912 4776 Et

322 4811 696 4904 ideo'transire
746 4814 814 4870 ab
851 4829 916 4870 eo
951 4814 1087 4870 calix
1131 4828 1236 4868 non
1265 4820 1461 4884 potest,
1513 4813 1616 4868 nisi
1659 4813 1810 4869 illum
1833 4813 1916 4868 bi-

392 4931 470 5005 (a)
528 4931 655 4988 Mss.
705 4933 903 4996 Rom.,
949 4931 1114 5005 C_olb._
1134 4939 1189 4986 et
1216 4929 1378 5005 carn.
1414 4945 1517 5005 non
1557 4939 1612 4983 ut
1665 4929 1910 5005 patiatur.

320 5000 530 5058 Parjut
554 5020 654 5058 non
684 5005 930 5074 patiatur.
970 5002 1370 5058 Pracferendum
1401 5000 1611 5074 videtur
1633 5016 1757 5074 cum
1793 5001 1915 5074 aliis

318 5075 502 5140 libris,
537 5087 588 5128 ut
611 5069 710 5130 non
732 5080 992 5145 patiantur
1023 5090 1041 5128 :
1066 5089 1187 5129 cum
1221 5087 1324 5127 non
1353 5071 1584 5140 amplius
1605 5072 1678 5145 de
1696 5069 1915 5145 Christo

319 5161 502 5200 sermo
525 5147 626 5209 sit,
660 5141 754 5202 sed
778 5145 846 5200 de
877 5145 1186 5213 discipulis,
1217 5157 1352 5212 quos
1381 5157 1503 5197 cum
1533 5143 1664 5197 nolit
1696 5141 1856 5197 Pater
1881 5158 1911 5196 a

319 5217 573 5286 passione
600 5218 796 5271 liberos
815 5258 829 5282 ,
853 5217 932 5272 eis
956 5216 1145 5270 saltem
1175 5215 1334 5270 tribui
1363 5213 1610 5269 Christus
1637 5221 1810 5285 rogat,
1855 5221 1914 5268 ut

319 5293 373 5341 in
404 5289 650 5356 passione
679 5288 845 5343 fortes
865 5286 967 5342 sint
993 5296 1152 5356 atque
1177 5295 1506 5342 constantes.

422 5360 471 5426 b)
506 5360 559 5414 In
589 5375 682 5414 sex
711 5373 844 5415 mss.
876 5361 924 5412 vi
952 5360 1122 5413 vinci:
1153 5356 1389 5412 abundat
1409 5356 1598 5411 vocula
1619 5357 1691 5410 vi.

418 5429 469 5504 c)
500 5431 692 5504 Plures
719 5445 848 5504 mss.
888 5447 990 5484 non
1006 5429 1245 5504 _vigilenl_.

416 5499 471 5575 ά)
492 5503 587 5558 Hic
599 5501 1015 5575 expunximussi
1032 5499 1348 5575 auctoritate
1366 5499 1526 5575 trium
1546 5511 1813 5575 ms_s._cum
1828 5512 1918 5551 ea-

318 5569 723 5645 dem'particula
737 5574 922 5636 etiam,
939 5571 1033 5645 lib.
1057 5587 1092 5645 ιι
1113 5571 1180 5625 de
1199 5569 1432 5645 Tri_n.__n.
1459 5570 1548 5636 ‘57,
1579 5569 1718 5645 absit
1737 5584 1766 5622 a
1785 5582 1913 5623 mss.

399 5640 478 5713 (e)'
529 5646 628 5700 Ms.
670 5645 828 5699 Rom.
858 5642 1247 5714 inﬁrmabatur._
1271 5641 1374 5714 Alii
1401 5656 1501 5714 se);
1520 5681 1533 5703 ,
1576 5640 1916 5714 inﬁrmamur.

397 5710 480 5790 (Γ)
503 5718 560 5775 S.
595 5717 832 5773 Thomas
873 5710 932 5770 ιιί
968 5731 1023 5786 p.
1048 5729 1149 5790 ,_q.
1183 5710 1275 5778 46,
1301 5712 1367 5767 ad
1392 5711 1604 5790 _2,_lnrc
1639 5711 1800 5790 verba
1847 5711 1926 5767 sic

335 5783 496 5844 aliter
535 5792 922 5845 commemorat
956 5783 1124 5855 {quia
1169 5785 1403 5854 reparari
1432 5783 1531 5837 nisi
1557 5785 1775 5854 θαλείαις
1806 5797 1924 5853 pas-

2020 3332 2119 3386 cim
2144 3332 2297 3398 venit,
2321 3339 2368 3384 et
2405 3347 2521 3383 cum
2561 3347 2620 3385 eo
2661 3331 2887 3402 plurima
2909 3332 3055 3385 turba
3083 3331 3328 3404 (Matth.,
3350 3350 3497 3399 xxvi,
3522 3337 3620 3390 47-

2020 3423 2134 3496 49).
2163 3423 2218 3478 1η
2251 3421 2334 3478 his
2361 3423 2612 3478 omnibus
2642 3423 2909 3493 passionis
2927 3432 3010 3478 est
3039 3425 3194 3479 ordo.
3226 3425 3331 3481 Sed
3355 3427 3406 3481 in
3429 3429 3619 3484 osculo

2017 3515 2171 3571 Judae
2214 3514 2330 3569 haec
2383 3514 2484 3568 fuit
2525 3513 2585 3587 (i)
2644 3517 2782 3569 ratio
2833 3533 2844 3567 :
2890 3525 2947 3569 ut
2993 3516 3316 3573 doceremur
3371 3520 3620 3575 inimicos

2019 3627 2228 3678 omnes,
2274 3626 2477 3681 eosque
2525 3626 2662 3681 quos
2705 3611 2969 3666 sciremus
3007 3611 3363 3667 desaevituros
3418 3614 3469 3668 in
3517 3628 3616 3668 nos

2017 3717 2158 3769 esse,
2188 3681 2434 3772 diligere.
2465 3701 2719 3755 Osculum
2751 3701 2893 3754 enim
2933 3702 3050 3770 ejus
3081 3702 3340 3756 Dominus
3384 3719 3490 3758 non
3525 3721 3619 3759 re-

2017 3796 2180 3866 spuit.
2214 3795 2367 3861 Quod
2395 3801 2573 3847 autcm
2606 3793 2679 3845 ait
2701 3792 2874 3861 Judtn,
2901 3798 2986 3864 fac
3010 3795 3150 3863 quod
3176 3797 3303 3864 facis
3343 3794 3416 3868 (j)
3453 3798 3618 3852 tradi-

2019 3889 2181 3942 tionis
2229 3904 2341 3942 suze
2389 3889 2718 3957 poteSIatcm
2767 3885 2867 3940 sub
2915 3885 3062 3941 verbi
3116 3886 3274 3957 hujus
3300 3887 3615 3945 conditione

2018 3979 2301 4050 permittit.
2333 3977 2466 4032 Nam
2494 3978 2585 4048 qui
2632 3977 2770 4046 juris
2802 3977 2884 4030 sui
2913 3976 3146 4032 habebat
3180 3979 3467 4035 adversum
3503 3992 3612 4037 tra-

2017 4073 2218 4128 ditores
2261 4072 2525 4127 advocare
2573 4069 2649 4142 (k)
2691 4070 2973 4127 duodecim
3013 4072 3175 4126 millia
3205 4073 3476 4143 legionum
3515 4091 3612 4130 au-

2017 4165 2284 4236 gelorum,
2312 4165 2471 4235 longe
2513 4164 2723 4220 facilius
2755 4163 2914 4218 unius
2947 4157 3182 4218 hominis
3207 4174 3261 4220 et
3289 4166 3533 4221 consiliis
3559 4178 3615 4222 et

2017 4257 2223 4313 artibus
2245 4256 2506 4327 potuisset
2535 4255 2853 4328 occurrere{
2874 4257 2907 4325 ᾖ
2939 4255 3054 4328 55).
3076 4255 3317 4328 Denique
3331 4257 3504 4314 Pilato
3521 4259 3617 4313 ait:

2019 4348 2142 4404 Non
2172 4350 2380 4404 haberes
2408 4350 2459 4402 in
2491 4365 2569 4402 me
2594 4358 2912 4419 potestatem,
2935 4349 3034 4402 nisi
3054 4348 3176 4403 data
3205 4351 3292 4404 tibi
3318 4361 3443 4404 esset
3475 4350 3617 4422 (Job.

2009 4433 2138 4509 χιχ,
2172 4443 2285 4516 ll).
2317 4444 2416 4498 Dat
2443 4443 2604 4515 igitur
2634 4444 2686 4498 in
2742 4457 2801 4499 se
2853 4452 3175 4512 potestatem
3215 4445 3474 4501 dicendo:
3499 4447 3612 4503 Fac
3652 4442 3654 4444 ’

2017 4535 2154 4607 quod
2184 4538 2312 4607 facis
2357 4534 2537 4609 (Joan.
2591 4552 2710 4602 xm,
2751 4536 2843 4607 27)
2878 4554 2892 4590 :
2922 4537 3130 4592 scilicet
3179 4538 3301 4606 quia
3328 4538 3621 4595 voluntatis

2023 4628 2229 4684 crimen
2260 4643 2358 4699 pro
2386 4627 2508 4683 facti
2539 4639 2797 4700 pensatur
2827 4627 3052 4696 invidia,
3080 4645 3140 4683 re
3166 4641 3449 4700 perageret
3471 4631 3618 4701 quod

2017 4720 2288 4778 voluntate
2308 4719 2370 4792 (Ι)
2401 4722 2510 4789 jam
2539 4719 2755 4776 faceret.

2093 4815 2148 4869 2.
2178 4813 2278 4880 Qui
2297 4813 2470 4886 gladio
2509 4824 2655 4868 utens
2701 4815 2876 4885 gladio
2913 4814 3111 4886 peribit.
3141 4843 3214 4855 —
3247 4812 3392 4869 Unus
3443 4824 3612 4872 autem

2020 4931 2164 4984 sione
2189 4946 2289 4984 non
2313 4945 2585 5001 possumus
2611 4929 2824 5001 :minus
2851 4928 2915 5001 ad
2945 4943 3082 5001 rem.

2092 5001 2164 5072 (g)
2187 5001 2261 5055 Ita
2301 4997 2403 5056 ms.
2427 5000 2589 5055 Carn.
2619 5015 2739 5054 cum
2781 4999 2936 5055 Colb.
2961 4999 3068 5054 Alii
3102 5013 3232 5054 vero
3262 4997 3408 5065 libri,
3439 5000 3622 5072 depre.

2020 5073 2215 5136 hendit,
2240 5081 2293 5127 et
2315 5085 2462 5125 mox.
2486 5073 2723 5125 uisitauit.

2118 5141 2174 5215 Ii)
2205 5143 2514 5213 Adjccimus
2529 5159 2639 5196 ecce
2671 5143 2991 5215 auctoritate
3020 5156 3153 5215 mss.

2118 5148 2174 5215 Ii)
2205 5148 2514 5213 Adjccimus
2529 5159 2639 5196 ecce
2671 5148 2991 5197 auctoritate
3020 5156 3153 5196 mss.

2018 5148 2302 5340 "3215M.
2345 5229 2466 5268 cum
2501 5229 2633 5270 mss.
2661 5213 2816 5269 Colb.
2845 5213 3007 5268 Carn.
3057 5221 3114 5268 et
3139 5212 3323 5278 Rom.,
3367 5214 3476 5267 hac
3515 5215 3619 5286 fuit

2041 5297 2248 5340 l'adillo.

2096 5356 2166 5429 (λ)
2205 5353 2451 5429 Editihie
2474 5354 2765 5429 subjiciunt
2795 5355 2896 5429 cito
2918 5371 2936 5429 ς
2960 5355 3349 5429 refragantibus
3380 5369 3513 5429 mss.

2098 5425 2176 5499 (lt)
2224 5425 2363 5499 Editi
2383 5426 2499 5498 plus
2528 5442 2680 5498 quam
2720 5426 2988 5499 duodecim
3027 5428 3251 5499 legiones
3297 5427 3615 5497 angelorum.

2026 5496 2193 5554 AbeSI
2215 5497 2331 5568 plus
2350 5496 2498 5567 quam
2517 5496 2584 5550 ab
2602 5497 2850 5568 omnibus
2875 5511 3002 5550 mss.
3026 5496 3092 5551 In'
3103 5496 3273 5552 tribus
3288 5496 3621 5563 exstat,duo-

2029 5569 2192 5624 decim
2218 5567 2392 5622 millia
2413 5568 2652 5639 legiones.
2683 5567 2814 5622 Vide
2840 5575 2993 5622 tract.
3030 5583 3112 5635 ps.
3137 5583 3243 5629 Liv,
3277 5585 3329 5622 n.
3361 5568 3414 5624 6.
3578 5617 3580 5619 ,

2102 5642 2167 5712 (ι)
2215 5641 2269 5695 In
2303 5638 2546 5712 pluribus
2572 5653 2699 5712 mss.
2711 5640 2822 5711 jam
2852 5643 3038 5712 fecerat
3067 5641 3302 5712 :rectius
3329 5639 3389 5712 in,
3411 5639 3530 5712 aliis
3557 5639 3623 5694 Ii-

2031 5709 2164 5778 bris,
2195 5710 2332 5782 quod
2357 5710 2568 5779 faceret,
2601 5709 2815 5765 hoc’est
2837 5709 2979 5781 quod
3002 5711 3112 5780 jam
3144 5709 3320 5768 facere
3349 5711 3620 5781 signiﬁca-

2035 5781 2230 5838 turbis
2268 5782 2467 5848 verbis,
2500 5781 2637 5848 quod
2673 5782 2820 5851 facis.
